2610 3920
1108 209 1517 264 PRAEFATIO
2145 207 2327 260 XXIII

309 363 673 424 ORossbach
700 363 1192 436 Disquisitionum
1227 363 1297 421 de
1324 361 1571 420 Senecae
1597 363 1710 433 filii
1735 363 1968 434 scriptis
1995 362 2327 418 criticarum

431 455 627 528 capita
672 452 758 509 II
794 450 1197 510 Vratislaviae
1248 451 1420 508 1882

299 575 388 584 ——
432 543 529 601 De
561 541 813 600 Senecae
836 541 1167 614 philosophi
1198 540 1480 598 librorum
1507 541 1832 598 recensione
1859 543 1912 598 et
1938 538 2328 596 emendatione

438 625 553 712 (=
582 630 907 689 Breslauer
940 629 1143 702 philol.
1170 625 1382 687 Abhdl.
1417 627 1480 686 H
1509 619 1577 708 3)
1615 627 2016 686 Vratislaviae
2069 627 2236 685 1888

304 752 381 760 -
433 720 528 778 vd.
576 722 639 777 et
681 719 885 778 Herm.
933 717 1107 776 XVII
1152 708 1388 798 (1892)
1439 717 1564 774 375
1615 716 1749 776 adn.
1799 718 1866 792 2·
1897 717 1932 774 3

302 807 381 866 Η.
412 808 469 866 S.
514 809 705 867 Philol
748 804 1037 881 Anzeiyer
1085 807 1121 865 3
1171 797 1408 888 (1871)
1454 825 1510 881 p.
1555 807 1678 864 129
2409 833 2417 841 ·

298 897 693 956 FrSchultess
736 893 839 956 Ad
872 896 1122 955 Senecae
1166 897 1344 954 libros
1390 896 1462 954 de
1507 896 1804 954 clementia
1849 895 1913 952 in
1949 895 2111 954 Mae.
2141 894 2326 953 Rhen.

436 988 518 1045 33
570 977 805 1066 (1878)
851 1005 907 1061 p.
951 988 1072 1043 221

302 1107 385 1116 -—
436 1073 775 1134 Armaeana
832 1076 1058 1142 studia,
1119 1073 1734 1146 Gratulationsschrift
1799 1074 1899 1132 des
1953 1071 2332 1145 Hamburqer

432 1165 487 1223 J
482 1164 839 1223 ohamneums
886 1182 967 1223 an
1012 1164 1123 1222 das
1166 1163 1580 1237 Strassburyer
1629 1161 2020 1237 Gynmasium
2070 1161 2238 1219 1888
2413 1229 2417 1236 .

302 1285 391 1295 -—
439 1253 537 1312 vd.
585 1254 648 1311 et
692 1253 816 1311 eius
853 1253 925 1310 de
964 1250 1188 1310 Gertzii
1225 1253 1287 1310 et
1321 1251 1650 1310 Klammeri
1696 1251 1930 1325 scriptis
1975 1251 2331 1308 recensiones

436 1341 501 1400 in
558 1339 805 1414 Gottiny.
866 1343 973 1416 yel.
1021 1338 1318 1414 Anzeiyen
1368 1341 1536 1399 1874
1585 1361 1640 1416 p.
1685 1341 1880 1413 1446,
1949 1339 2157 1398 Philol.
2205 1335 2331 1396 An-

437 1433 624 1504 zeiyer
665 1430 831 1489 1887
870 1451 927 1505 p.
969 1431 1116 1503 291,
1160 1430 1387 1488 Jenaer
1423 1429 1564 1490 Litt.
1601 1429 1744 1487 Zeit.
1789 1428 1957 1488 1878
1997 1447 2053 1503 p.
2096 1428 2220 1486 512

302 1516 605 1578 HSiedler
675 1519 770 1578 De
832 1519 905 1580 L.
946 1515 1022 1577 A.
1065 1519 1316 1578 Senecae
1379 1518 1750 1592 philosophia
1821 1518 2034 1576 morali
2098 1514 2331 1592 Gynae-

395 1608 592 1684 eopoli
643 1609 811 1666 1877

308 1697 357 1756 Ο
372 1695 615 1772 Siesbye
678 1693 945 1771 Smatiny
1008 1697 1072 1754 in
1136 1697 1392 1769 opuscul.
1447 1696 1650 1769 philol.
1717 1697 1797 1753 ad
1859 1695 2236 1768 Madvigium
2295 1711 2334 1752 a

438 1787 741 1859 discipulis
786 1787 969 1844 missa
1012 1785 1285 1843 Hauniae
1339 1785 1506 1842 1876
1555 1804 1612 1859 Ρ.
1653 1784 1780 1842 253
1843 1786 1905 1840 et
1963 1783 2025 1840 in
2071 1781 2332 1840 editione

442 1873 761 1933 Gertziana

305 1964 727 2023 AemThomas
784 1963 1088 2022 Miscellae
1150 1966 1512 2035 quaestiones
1574 1966 1639 2021 in
1693 1962 1766 2021 L.
1811 1958 1887 2020 A.
1929 1962 2208 2021 Senecam
2269 1959 2334 2019 in

437 2052 644 2111 Herm.
700 2053 781 2110 28
832 2046 1065 2133 (1893)
1114 2073 1169 2127 Ρ.
1211 2052 1338 2110 287

310 2141 597 2201 OThnrot
633 2133 725 2221 (in
766 2141 1137 2200 recensendis
1174 2140 1466 2219 Madvigii
1512 2132 1900 2221 adversariis)
1936 2141 2136 2200 Revue
2181 2141 2335 2198 criti-

441 2248 549 2304 que
600 2231 770 2289 1874
818 2250 875 2305 Ρ.
918 2230 999 2287 52

310 2318 741 2378 OWaldaestel
786 2319 881 2377 De
927 2321 1355 2377 enuntiatorum
1401 2319 1807 2392 temporalium
1843 2322 2138 2377 structura
2175 2318 2337 2442 apud

443 2408 516 2466 L.
545 2405 621 2469 A.
647 2408 925 2467 Senecam
966 2406 1141 2465 Halis
1190 2408 1359 2467 1888

310 2497 597 2555 HWeber
667 2497 761 2555 De
826 2496 1073 2556 Senecae
1133 2498 1464 2570 philosophi
1535 2498 1764 2555 dicendi
1833 2514 2039 2570 yenere
2111 2494 2336 2553 Bioneo

442 2585 750 2661 Mai-burgi
802 2586 969 2643 1895
1242 2615 1251 2625 ·

311 2673 661 2732 AWeidner
702 2672 1052 2733 Griticarum
1096 2676 1474 2747 scriptionum
1518 2677 1804 2747 specimen
1843 2672 2124 2732 Coloniae
2167 2672 2337 2731 1864
2405 2710 2420 2718 -

314 2761 573 2821 OWeise
619 2761 715 2821 Zu
747 2762 965 2822 Seneca
1006 2761 1073 2820 in
1107 2762 1388 2821 Fleckeis.
1427 2764 1628 2821 annal.
1674 2762 1796 2820 125
1839 2753 2074 2842 (1882)
2112 2782 2168 2836 Ρ.
2209 2763 2337 2820 640

313 2849 758 2911 OWeissenfels
803 2852 897 2932 De
940 2850 1157 2911 Seneca
1201 2852 1496 2925 Epicureo
1543 2851 1811 2910 Berolini
1863 2851 2029 2909 1886

314 2939 593 2998 AWerth
652 2941 747 2998 De
796 2938 1088 3014 Ciceronis
1148 2944 1200 2998 et
1239 2940 1500 3011 vSenecae
1560 2941 1698 3000 locis
1757 2941 1976 3013 aliquot
2031 2940 2094 2997 in
2153 2940 2336 2999 sched.

436 3030 639 3102 philol.
699 3029 952 3089 Usenero
997 3030 1165 3087 oblat.
1213 3029 1458 3087 Bonnae
1512 3030 1678 3088 1891
1728 3025 1787 3103 p.
1829 3029 1908 3088 35

314 3117 683 3195 Wesenberg
726 3117 791 3175 in
838 3117 1097 3177 editione
1144 3116 1462 3175 Gertziana

318 3205 769 3265 ORWetzstein
796 3207 870 3265 L.
894 3203 970 3265 A.
998 3206 1215 3265 Seneca
1250 3208 1392 3280 quid
1436 3208 1507 3266 de
1549 3195 1769 3265 natura
1803 3209 2064 3265 humana
2101 3208 2343 3265 senserit

454 3287 621 3376 (dise.
667 3287 989 3377 LipsienS.)
1038 3294 1350 3354 Strelitzae
1396 3314 1586 3354 novae
1638 3297 1823 3355 1881.

498 3384 759 3453 Quorum
819 3384 883 3442 in
941 3403 1185 3443 numero
1234 3383 1499 3460 Gertzi0‚
1559 3385 1654 3443 cui
1698 3385 1762 3443 in
1810 3386 1920 3458 eis,
1976 3404 2128 3461 quae
2174 3386 2338 3442 ante-

317 3473 550 3548 cedunt,
596 3473 833 3551 paginis
879 3474 1101 3532 totiens
1148 3473 1485 3549 obstrepere
1534 3476 1774 3533 coaetus
1821 3493 1968 3550 sum,
2015 3473 2339 3550 plurimum

316 3563 438 3619 fere
487 3561 771 3620 Senecam
828 3582 1040 3638 meque
1101 3562 1310 3621 debere
1369 3563 1556 3622 libero
1616 3563 1737 3621 iam
1798 3564 1997 3622 animo
2057 3560 2340 3637 profiteor
