<?xml version="1.0" encoding="UTF-8"?>
<!DOCTYPE html PUBLIC "-//W3C//DTD XHTML 1.0 Transitional//EN"
    "http://www.w3.org/TR/xhtml1/DTD/xhtml1-transitional.dtd">
<html xmlns="http://www.w3.org/1999/xhtml" xml:lang="en" lang="en">
 <head>
  <title>
</title>
<meta http-equiv="Content-Type" content="text/html;charset=utf-8" />
  <meta name='ocr-system' content='tesseract 3.04.00' />
  <meta name='ocr-capabilities' content='ocr_page ocr_carea ocr_par ocr_line ocrx_word'/>
</head>
<body>
  <div class='ocr_page' id='page_1' title='image "./lannaeisenecaeo13senegoog_0203.png"; bbox 0 0 2610 3920; ppageno 0'>
   <div class='ocr_carea' id='block_1_1' title="bbox 605 200 2248 265">
    <p class='ocr_par' dir='ltr' id='par_1_1' title="bbox 605 200 2248 265">
     <span class='ocr_line' id='line_1_1' title="bbox 605 200 2248 265; baseline 0.002 -12"><span class='ocrx_word' id='word_1_1' title='bbox 605 200 702 253; x_wconf 86' lang='lat' dir='ltr'><strong>DE</strong></span> <span class='ocrx_word' id='word_1_2' title='bbox 739 200 1139 256; x_wconf 83' lang='lat' dir='ltr'><strong>BENEFICHS</strong></span> <span class='ocrx_word' id='word_1_3' title='bbox 1177 200 1310 258; x_wconf 87' lang='lat' dir='ltr'><strong>LIB.</strong></span> <span class='ocrx_word' id='word_1_4' title='bbox 1347 200 1440 257; x_wconf 92' lang='lat' dir='ltr'><strong>V1.</strong></span> <span class='ocrx_word' id='word_1_5' title='bbox 1480 200 1634 257; x_wconf 78' lang='lat' dir='ltr'>CAP.</span> <span class='ocrx_word' id='word_1_6' title='bbox 1672 206 1754 255; x_wconf 90' lang='lat'><strong>30.</strong></span> <span class='ocrx_word' id='word_1_7' title='bbox 1796 207 1860 254; x_wconf 85' lang='lat'><strong>31</strong></span> <span class='ocrx_word' id='word_1_8' title='bbox 2120 200 2248 265; x_wconf 80' lang='lat'><strong>175</strong></span> 
     </span>
    </p>
   </div>
   <div class='ocr_carea' id='block_1_2' title="bbox 131 344 2458 3277">
    <p class='ocr_par' dir='ltr' id='par_1_2' title="bbox 131 344 2458 3277">
     <span class='ocr_line' id='line_1_2' title="bbox 221 344 2317 432; baseline 0 -22"><span class='ocrx_word' id='word_1_9' title='bbox 221 366 538 411; x_wconf 86' lang='lat' dir='ltr'><strong>consensu</strong></span> <span class='ocrx_word' id='word_1_10' title='bbox 586 350 1026 430; x_wconf 76' lang='lat' dir='ltr'><strong>concentuque</strong></span> <span class='ocrx_word' id='word_1_11' title='bbox 1079 346 1409 411; x_wconf 88' lang='lat' dir='ltr'><strong>falsorum.</strong></span> <span class='ocrx_word' id='word_1_12' title='bbox 1500 344 1651 411; x_wconf 88' lang='lat' dir='ltr'><strong>Non</strong></span> <span class='ocrx_word' id='word_1_13' title='bbox 1695 346 1900 432; x_wconf 87' lang='lat' dir='ltr'><strong>vides,</strong></span> <span class='ocrx_word' id='word_1_14' title='bbox 1946 345 2247 430; x_wconf 88' lang='lat' dir='ltr'><strong>quemad·</strong></span> <span class='ocrx_word' id='word_1_15' title='bbox 2282 364 2317 411; x_wconf 87' lang='lat'>4</span> 
     </span>
     <span class='ocr_line' id='line_1_3' title="bbox 217 434 2245 520; baseline -0 -21"><span class='ocrx_word' id='word_1_16' title='bbox 217 434 484 499; x_wconf 90' lang='lat' dir='ltr'><strong>modum</strong></span> <span class='ocrx_word' id='word_1_17' title='bbox 529 434 678 500; x_wconf 91' lang='lat' dir='ltr'><strong>illos</strong></span> <span class='ocrx_word' id='word_1_18' title='bbox 725 436 796 499; x_wconf 88' lang='lat' dir='ltr'><strong>in</strong></span> <span class='ocrx_word' id='word_1_19' title='bbox 839 456 1141 520; x_wconf 90' lang='lat' dir='ltr'><strong>praeceps</strong></span> <span class='ocrx_word' id='word_1_20' title='bbox 1179 439 1333 520; x_wconf 86' lang='lat' dir='ltr'><strong>agat</strong></span> <span class='ocrx_word' id='word_1_21' title='bbox 1372 436 1651 499; x_wconf 87' lang='lat' dir='ltr'><strong>extincta</strong></span> <span class='ocrx_word' id='word_1_22' title='bbox 1686 434 1953 499; x_wconf 86' lang='lat' dir='ltr'><strong>libertas</strong></span> <span class='ocrx_word' id='word_1_23' title='bbox 1991 438 2054 499; x_wconf 90' lang='lat' dir='ltr'><strong>et</strong></span> <span class='ocrx_word' id='word_1_24' title='bbox 2089 434 2245 498; x_wconf 89' lang='lat' dir='ltr'><strong>fides</strong></span> 
     </span>
     <span class='ocr_line' id='line_1_4' title="bbox 216 522 2316 608; baseline 0 -21"><span class='ocrx_word' id='word_1_25' title='bbox 216 524 294 587; x_wconf 87' lang='lat' dir='ltr'><strong>in</strong></span> <span class='ocrx_word' id='word_1_26' title='bbox 339 524 720 608; x_wconf 70' lang='lat' dir='ltr'>obsequium</span> <span class='ocrx_word' id='word_1_27' title='bbox 768 523 998 589; x_wconf 84' lang='lat' dir='ltr'><strong>servile</strong></span> <span class='ocrx_word' id='word_1_28' title='bbox 1043 522 1407 588; x_wconf 78' lang='lat' dir='ltr'><strong>submissa?</strong></span> <span class='ocrx_word' id='word_1_29' title='bbox 1479 523 1653 588; x_wconf 88' lang='lat' dir='ltr'><strong>Dum</strong></span> <span class='ocrx_word' id='word_1_30' title='bbox 1696 545 1883 588; x_wconf 91' lang='lat' dir='ltr'><strong>nemo</strong></span> <span class='ocrx_word' id='word_1_31' title='bbox 1930 546 2008 587; x_wconf 88' lang='lat' dir='ltr'><strong>ex</strong></span> <span class='ocrx_word' id='word_1_32' title='bbox 2050 523 2245 587; x_wconf 89' lang='lat' dir='ltr'><strong>animi</strong></span> <span class='ocrx_word' id='word_1_33' title='bbox 2284 538 2316 587; x_wconf 81' lang='lat'><strong>5</strong></span> 
     </span>
     <span class='ocr_line' id='line_1_5' title="bbox 220 612 2248 697; baseline 0 -20"><span class='ocrx_word' id='word_1_34' title='bbox 220 612 326 677; x_wconf 89' lang='lat' dir='ltr'><strong>sui</strong></span> <span class='ocrx_word' id='word_1_35' title='bbox 355 613 672 679; x_wconf 88' lang='lat' dir='ltr'><strong>sententia</strong></span> <span class='ocrx_word' id='word_1_36' title='bbox 702 613 926 678; x_wconf 89' lang='lat' dir='ltr'><strong>suadet</strong></span> <span class='ocrx_word' id='word_1_37' title='bbox 955 612 1423 697; x_wconf 74' lang='lat' dir='ltr'><strong>dissuadetque,</strong></span> <span class='ocrx_word' id='word_1_38' title='bbox 1461 613 1573 677; x_wconf 86' lang='lat' dir='ltr'><strong>sed</strong></span> <span class='ocrx_word' id='word_1_39' title='bbox 1600 612 1902 677; x_wconf 90' lang='lat' dir='ltr'><strong>adulandi</strong></span> <span class='ocrx_word' id='word_1_40' title='bbox 1929 616 2248 677; x_wconf 85' lang='lat' dir='ltr'><strong>certamen</strong></span> 
     </span>
     <span class='ocr_line' id='line_1_6' title="bbox 162 701 2246 787; baseline -0.001 -18"><span class='ocrx_word' id='word_1_41' title='bbox 162 728 188 769; x_wconf 83' lang='lat'><strong>5</strong></span> <span class='ocrx_word' id='word_1_42' title='bbox 219 706 322 767; x_wconf 90' lang='lat' dir='ltr'><strong>est</strong></span> <span class='ocrx_word' id='word_1_43' title='bbox 361 705 424 765; x_wconf 93' lang='lat' dir='ltr'><strong>et</strong></span> <span class='ocrx_word' id='word_1_44' title='bbox 462 724 662 766; x_wconf 89' lang='lat' dir='ltr'><strong>unum</strong></span> <span class='ocrx_word' id='word_1_45' title='bbox 699 702 1053 767; x_wconf 89' lang='lat' dir='ltr'><strong>amicorum</strong></span> <span class='ocrx_word' id='word_1_46' title='bbox 1081 701 1369 767; x_wconf 90' lang='lat' dir='ltr'><strong>omnium</strong></span> <span class='ocrx_word' id='word_1_47' title='bbox 1406 702 1711 787; x_wconf 85' lang='lat' dir='ltr'><strong>officium,</strong></span> <span class='ocrx_word' id='word_1_48' title='bbox 1746 724 1875 767; x_wconf 89' lang='lat' dir='ltr'><strong>una</strong></span> <span class='ocrx_word' id='word_1_49' title='bbox 1900 702 2246 783; x_wconf 83' lang='lat' dir='ltr'><strong>contentiO,</strong></span> 
     </span>
     <span class='ocr_line' id='line_1_7' title="bbox 219 790 2247 876; baseline -0 -21"><span class='ocrx_word' id='word_1_50' title='bbox 219 791 368 875; x_wconf 88' lang='lat' dir='ltr'><strong>quis</strong></span> <span class='ocrx_word' id='word_1_51' title='bbox 415 790 826 855; x_wconf 81' lang='lat' dir='ltr'><strong>blandissime</strong></span> <span class='ocrx_word' id='word_1_52' title='bbox 869 791 1076 876; x_wconf 89' lang='lat' dir='ltr'><strong>fallat,</strong></span> <span class='ocrx_word' id='word_1_53' title='bbox 1119 792 1497 876; x_wconf 80' lang='lat' dir='ltr'><strong>ignoravere</strong></span> <span class='ocrx_word' id='word_1_54' title='bbox 1537 790 1705 855; x_wconf 84' lang='lat' dir='ltr'><strong>vires</strong></span> <span class='ocrx_word' id='word_1_55' title='bbox 1754 813 1919 872; x_wconf 75' lang='lat' dir='ltr'><strong>suaS,</strong></span> <span class='ocrx_word' id='word_1_56' title='bbox 1968 794 2049 875; x_wconf 89' lang='lat' dir='ltr'><strong>et,</strong></span> <span class='ocrx_word' id='word_1_57' title='bbox 2096 791 2247 855; x_wconf 91' lang='lat' dir='ltr'><strong>dum</strong></span> 
     </span>
     <span class='ocr_line' id='line_1_8' title="bbox 219 879 2247 966; baseline 0 -23"><span class='ocrx_word' id='word_1_58' title='bbox 219 902 290 943; x_wconf 90' lang='lat' dir='ltr'><strong>se</strong></span> <span class='ocrx_word' id='word_1_59' title='bbox 317 886 452 943; x_wconf 87' lang='lat' dir='ltr'><strong>tam</strong></span> <span class='ocrx_word' id='word_1_60' title='bbox 480 902 766 966; x_wconf 88' lang='lat' dir='ltr'><strong>magnos,</strong></span> <span class='ocrx_word' id='word_1_61' title='bbox 795 902 989 964; x_wconf 89' lang='lat' dir='ltr'><strong>quam</strong></span> <span class='ocrx_word' id='word_1_62' title='bbox 1017 880 1307 965; x_wconf 88' lang='lat' dir='ltr'><strong>audiunt,</strong></span> <span class='ocrx_word' id='word_1_63' title='bbox 1344 879 1628 965; x_wconf 88' lang='lat' dir='ltr'><strong>credunt,</strong></span> <span class='ocrx_word' id='word_1_64' title='bbox 1666 880 1997 945; x_wconf 89' lang='lat' dir='ltr'><strong>adtraxere</strong></span> <span class='ocrx_word' id='word_1_65' title='bbox 2030 900 2247 963; x_wconf 89' lang='lat' dir='ltr'><strong>super-</strong></span> 
     </span>
     <span class='ocr_line' id='line_1_9' title="bbox 216 968 2242 1053; baseline -0.001 -20"><span class='ocrx_word' id='word_1_66' title='bbox 216 990 420 1033; x_wconf 84' lang='lat' dir='ltr'><strong>vacua</strong></span> <span class='ocrx_word' id='word_1_67' title='bbox 463 972 529 1033; x_wconf 91' lang='lat' dir='ltr'><strong>et</strong></span> <span class='ocrx_word' id='word_1_68' title='bbox 573 970 644 1032; x_wconf 93' lang='lat' dir='ltr'><strong>in</strong></span> <span class='ocrx_word' id='word_1_69' title='bbox 681 969 1020 1034; x_wconf 81' lang='lat' dir='ltr'><strong>discrimen</strong></span> <span class='ocrx_word' id='word_1_70' title='bbox 1061 990 1277 1033; x_wconf 89' lang='lat' dir='ltr'><strong>rerum</strong></span> <span class='ocrx_word' id='word_1_71' title='bbox 1316 968 2021 1053; x_wconf 82' lang='lat' dir='ltr'><strong>omnium-perventura</strong></span> <span class='ocrx_word' id='word_1_72' title='bbox 2056 968 2242 1052; x_wconf 83' lang='lat' dir='ltr'><strong>bella,</strong></span> 
     </span>
     <span class='ocr_line' id='line_1_10' title="bbox 216 1056 2243 1141; baseline -0 -19"><span class='ocrx_word' id='word_1_73' title='bbox 216 1058 447 1122; x_wconf 88' lang='lat' dir='ltr'><strong>utilem</strong></span> <span class='ocrx_word' id='word_1_74' title='bbox 494 1061 559 1122; x_wconf 90' lang='lat' dir='ltr'><strong>et</strong></span> <span class='ocrx_word' id='word_1_75' title='bbox 604 1058 1028 1123; x_wconf 88' lang='lat' dir='ltr'><strong>necessariam</strong></span> <span class='ocrx_word' id='word_1_76' title='bbox 1071 1079 1298 1141; x_wconf 86' lang='lat' dir='ltr'><strong>rupere</strong></span> <span class='ocrx_word' id='word_1_77' title='bbox 1346 1056 1769 1141; x_wconf 84' lang='lat' dir='ltr'><strong>concordiam,</strong></span> <span class='ocrx_word' id='word_1_78' title='bbox 1816 1056 2020 1121; x_wconf 90' lang='lat' dir='ltr'><strong>secuti</strong></span> <span class='ocrx_word' id='word_1_79' title='bbox 2062 1057 2243 1141; x_wconf 89' lang='lat' dir='ltr'><strong>iram,</strong></span> 
     </span>
     <span class='ocr_line' id='line_1_11' title="bbox 134 1145 2243 1234; baseline -0.002 -21"><span class='ocrx_word' id='word_1_80' title='bbox 134 1174 190 1213; x_wconf 91' lang='lat'><strong>10</strong></span> <span class='ocrx_word' id='word_1_81' title='bbox 220 1169 414 1230; x_wconf 89' lang='lat' dir='ltr'><strong>quam</strong></span> <span class='ocrx_word' id='word_1_82' title='bbox 457 1168 644 1211; x_wconf 89' lang='lat' dir='ltr'><strong>nemo</strong></span> <span class='ocrx_word' id='word_1_83' title='bbox 681 1146 1042 1234; x_wconf 79' lang='lat' dir='ltr'><strong>revocabat,</strong></span> <span class='ocrx_word' id='word_1_84' title='bbox 1086 1146 1441 1211; x_wconf 87' lang='lat' dir='ltr'><strong>multorum</strong></span> <span class='ocrx_word' id='word_1_85' title='bbox 1479 1146 1857 1231; x_wconf 85' lang='lat' dir='ltr'><strong>sanguinem</strong></span> <span class='ocrx_word' id='word_1_86' title='bbox 1892 1145 2243 1210; x_wconf 90' lang='lat' dir='ltr'><strong>hauserunt</strong></span> 
     </span>
     <span class='ocr_line' id='line_1_12' title="bbox 218 1234 2314 1320; baseline 0 -22"><span class='ocrx_word' id='word_1_87' title='bbox 218 1236 428 1300; x_wconf 88' lang='lat' dir='ltr'><strong>fusuri</strong></span> <span class='ocrx_word' id='word_1_88' title='bbox 471 1235 818 1300; x_wconf 81' lang='lat' dir='ltr'><strong>novissime</strong></span> <span class='ocrx_word' id='word_1_89' title='bbox 865 1258 1081 1320; x_wconf 84' lang='lat' dir='ltr'><strong>suum3</strong></span> <span class='ocrx_word' id='word_1_90' title='bbox 1127 1234 1280 1298; x_wconf 90' lang='lat' dir='ltr'><strong>dum</strong></span> <span class='ocrx_word' id='word_1_91' title='bbox 1315 1234 1641 1299; x_wconf 86' lang='lat' dir='ltr'><strong>vindicant</strong></span> <span class='ocrx_word' id='word_1_92' title='bbox 1677 1234 2080 1319; x_wconf 85' lang='lat' dir='ltr'><strong>inexplorata</strong></span> <span class='ocrx_word' id='word_1_93' title='bbox 2122 1256 2257 1319; x_wconf 85' lang='lat' dir='ltr'><strong>pro</strong></span> <span class='ocrx_word' id='word_1_94' title='bbox 2282 1250 2314 1299; x_wconf 87' lang='lat'>6</span> 
     </span>
     <span class='ocr_line' id='line_1_13' title="bbox 220 1323 2244 1408; baseline -0.001 -19"><span class='ocrx_word' id='word_1_95' title='bbox 220 1325 410 1389; x_wconf 89' lang='lat' dir='ltr'><strong>certis</strong></span> <span class='ocrx_word' id='word_1_96' title='bbox 458 1323 760 1408; x_wconf 88' lang='lat' dir='ltr'><strong>flectique</strong></span> <span class='ocrx_word' id='word_1_97' title='bbox 792 1346 928 1389; x_wconf 92' lang='lat' dir='ltr'><strong>non</strong></span> <span class='ocrx_word' id='word_1_98' title='bbox 961 1324 1174 1389; x_wconf 91' lang='lat' dir='ltr'><strong>minus</strong></span> <span class='ocrx_word' id='word_1_99' title='bbox 1211 1324 1584 1388; x_wconf 89' lang='lat' dir='ltr'><strong>existimant</strong></span> <span class='ocrx_word' id='word_1_100' title='bbox 1620 1326 1809 1407; x_wconf 91' lang='lat' dir='ltr'><strong>turpe</strong></span> <span class='ocrx_word' id='word_1_101' title='bbox 1846 1344 2041 1407; x_wconf 89' lang='lat' dir='ltr'><strong>quam</strong></span> <span class='ocrx_word' id='word_1_102' title='bbox 2076 1324 2244 1388; x_wconf 82' lang='lat' dir='ltr'><strong>vinci</strong></span> 
     </span>
     <span class='ocr_line' id='line_1_14' title="bbox 220 1412 2246 1498; baseline -0.001 -21"><span class='ocrx_word' id='word_1_103' title='bbox 220 1418 287 1477; x_wconf 92' lang='lat' dir='ltr'><strong>et</strong></span> <span class='ocrx_word' id='word_1_104' title='bbox 321 1417 630 1498; x_wconf 89' lang='lat' dir='ltr'><strong>perpetua</strong></span> <span class='ocrx_word' id='word_1_105' title='bbox 667 1413 952 1498; x_wconf 90' lang='lat' dir='ltr'><strong>credunt,</strong></span> <span class='ocrx_word' id='word_1_106' title='bbox 991 1434 1154 1497; x_wconf 91' lang='lat' dir='ltr'><strong>quae</strong></span> <span class='ocrx_word' id='word_1_107' title='bbox 1184 1412 1253 1477; x_wconf 90' lang='lat' dir='ltr'><strong>in</strong></span> <span class='ocrx_word' id='word_1_108' title='bbox 1283 1434 1605 1477; x_wconf 86' lang='lat' dir='ltr'><strong>summum</strong></span> <span class='ocrx_word' id='word_1_109' title='bbox 1633 1412 1942 1497; x_wconf 90' lang='lat' dir='ltr'><strong>perducta</strong></span> <span class='ocrx_word' id='word_1_110' title='bbox 1969 1413 2246 1477; x_wconf 82' lang='lat' dir='ltr'><strong>maxime</strong></span> 
     </span>
     <span class='ocr_line' id='line_1_15' title="bbox 217 1501 2246 1588; baseline -0 -22"><span class='ocrx_word' id='word_1_111' title='bbox 217 1506 468 1586; x_wconf 88' lang='lat' dir='ltr'><strong>nutant,</strong></span> <span class='ocrx_word' id='word_1_112' title='bbox 513 1502 802 1588; x_wconf 89' lang='lat' dir='ltr'><strong>ingentia</strong></span> <span class='ocrx_word' id='word_1_113' title='bbox 840 1524 1031 1585; x_wconf 89' lang='lat' dir='ltr'><strong>super</strong></span> <span class='ocrx_word' id='word_1_114' title='bbox 1069 1523 1136 1565; x_wconf 91' lang='lat' dir='ltr'><strong>se</strong></span> <span class='ocrx_word' id='word_1_115' title='bbox 1175 1522 1248 1566; x_wconf 91' lang='lat' dir='ltr'><strong>ac</strong></span> <span class='ocrx_word' id='word_1_116' title='bbox 1284 1523 1437 1565; x_wconf 88' lang='lat' dir='ltr'><strong>suos</strong></span> <span class='ocrx_word' id='word_1_117' title='bbox 1482 1522 1681 1586; x_wconf 86' lang='lat' dir='ltr'><strong>regna</strong></span> <span class='ocrx_word' id='word_1_118' title='bbox 1725 1501 2085 1587; x_wconf 83' lang='lat' dir='ltr'><strong>fregerunt3</strong></span> <span class='ocrx_word' id='word_1_119' title='bbox 2128 1523 2246 1565; x_wconf 90' lang='grc'><strong>1100</strong></span> 
     </span>
     <span class='ocr_line' id='line_1_16' title="bbox 135 1590 2245 1658; baseline -0.001 -2"><span class='ocrx_word' id='word_1_120' title='bbox 135 1618 188 1658; x_wconf 90' lang='lat'><strong>15</strong></span> <span class='ocrx_word' id='word_1_121' title='bbox 218 1591 674 1655; x_wconf 88' lang='lat' dir='ltr'><strong>intellexerunt</strong></span> <span class='ocrx_word' id='word_1_122' title='bbox 723 1592 796 1655; x_wconf 88' lang='lat' dir='ltr'><strong>in</strong></span> <span class='ocrx_word' id='word_1_123' title='bbox 848 1591 962 1655; x_wconf 88' lang='lat' dir='ltr'><strong>illa</strong></span> <span class='ocrx_word' id='word_1_124' title='bbox 1019 1612 1206 1655; x_wconf 87' lang='lat' dir='ltr'><strong>scena</strong></span> <span class='ocrx_word' id='word_1_125' title='bbox 1258 1590 1442 1655; x_wconf 80' lang='lat' dir='ltr'><strong>vanis</strong></span> <span class='ocrx_word' id='word_1_126' title='bbox 1498 1594 1561 1654; x_wconf 89' lang='lat' dir='ltr'><strong>et</strong></span> <span class='ocrx_word' id='word_1_127' title='bbox 1616 1590 1745 1654; x_wconf 90' lang='lat' dir='ltr'><strong>cito</strong></span> <span class='ocrx_word' id='word_1_128' title='bbox 1804 1590 2245 1654; x_wconf 86' lang='lat' dir='ltr'><strong>diffluentibus</strong></span> 
     </span>
     <span class='ocr_line' id='line_1_17' title="bbox 216 1678 2246 1766; baseline -0.001 -22"><span class='ocrx_word' id='word_1_129' title='bbox 216 1681 405 1745; x_wconf 90' lang='lat' dir='ltr'><strong>bonis</strong></span> <span class='ocrx_word' id='word_1_130' title='bbox 451 1680 811 1766; x_wconf 77' lang='lat' dir='ltr'><strong>refulgente</strong></span> <span class='ocrx_word' id='word_1_131' title='bbox 858 1702 938 1744; x_wconf 89' lang='lat' dir='ltr'><strong>ex</strong></span> <span class='ocrx_word' id='word_1_132' title='bbox 975 1702 1049 1745; x_wconf 95' lang='grc'><strong>00</strong></span> <span class='ocrx_word' id='word_1_133' title='bbox 1088 1683 1376 1763; x_wconf 89' lang='lat' dir='ltr'><strong>tempore</strong></span> <span class='ocrx_word' id='word_1_134' title='bbox 1412 1680 1589 1763; x_wconf 90' lang='lat' dir='ltr'><strong>ipsos</strong></span> <span class='ocrx_word' id='word_1_135' title='bbox 1626 1678 1792 1743; x_wconf 82' lang='lat' dir='ltr'><strong>nihil</strong></span> <span class='ocrx_word' id='word_1_136' title='bbox 1826 1700 1956 1743; x_wconf 90' lang='lat' dir='ltr'><strong>non</strong></span> <span class='ocrx_word' id='word_1_137' title='bbox 1994 1678 2246 1743; x_wconf 85' lang='lat' dir='ltr'><strong>adversi</strong></span> 
     </span>
     <span class='ocr_line' id='line_1_18' title="bbox 215 1767 2244 1854; baseline -0.001 -21"><span class='ocrx_word' id='word_1_138' title='bbox 215 1774 552 1853; x_wconf 87' lang='lat' dir='ltr'><strong>expectare</strong></span> <span class='ocrx_word' id='word_1_139' title='bbox 600 1769 914 1854; x_wconf 85' lang='lat' dir='ltr'><strong>debuisse,</strong></span> <span class='ocrx_word' id='word_1_140' title='bbox 961 1791 1040 1834; x_wconf 87' lang='lat' dir='ltr'><strong>ex</strong></span> <span class='ocrx_word' id='word_1_141' title='bbox 1078 1790 1206 1853; x_wconf 90' lang='lat' dir='ltr'><strong>quo</strong></span> <span class='ocrx_word' id='word_1_142' title='bbox 1244 1768 1413 1833; x_wconf 87' lang='lat' dir='ltr'><strong>nihil</strong></span> <span class='ocrx_word' id='word_1_143' title='bbox 1447 1768 1583 1833; x_wconf 80' lang='lat' dir='ltr'><strong>veri</strong></span> <span class='ocrx_word' id='word_1_144' title='bbox 1621 1767 1839 1833; x_wconf 89' lang='lat' dir='ltr'><strong>audire</strong></span> <span class='ocrx_word' id='word_1_145' title='bbox 1875 1771 2244 1851; x_wconf 87' lang='lat' dir='ltr'><strong>potuerunt.</strong></span> 
     </span>
     <span class='ocr_line' id='line_1_19' title="bbox 393 1856 2458 1943; baseline -0.001 -21"><span class='ocrx_word' id='word_1_146' title='bbox 393 1856 557 1923; x_wconf 83' lang='lat' dir='ltr'><strong>Cum</strong></span> <span class='ocrx_word' id='word_1_147' title='bbox 603 1858 848 1922; x_wconf 87' lang='lat' dir='ltr'><strong>bellum</strong></span> <span class='ocrx_word' id='word_1_148' title='bbox 887 1856 1186 1922; x_wconf 83' lang='lat' dir='ltr'><strong>Graeciae</strong></span> <span class='ocrx_word' id='word_1_149' title='bbox 1233 1857 1539 1921; x_wconf 89' lang='lat' dir='ltr'><strong>indiceret</strong></span> <span class='ocrx_word' id='word_1_150' title='bbox 1574 1856 1839 1943; x_wconf 87' lang='lat' dir='ltr'><strong>Xerxes,</strong></span> <span class='ocrx_word' id='word_1_151' title='bbox 1884 1857 2171 1921; x_wconf 89' lang='lat' dir='ltr'><strong>animum</strong></span> <span class='ocrx_word' id='word_1_152' title='bbox 2206 1874 2236 1921; x_wconf 88' lang='lat'>1</span> <span class='ocrx_word' id='word_1_153' title='bbox 2275 1866 2458 1921; x_wconf 88' lang='lat' dir='ltr'>XXXI</span> 
     </span>
     <span class='ocr_line' id='line_1_20' title="bbox 216 1946 2243 2032; baseline -0 -20"><span class='ocrx_word' id='word_1_154' title='bbox 216 1950 562 2012; x_wconf 87' lang='lat' dir='ltr'><strong>tumentem</strong></span> <span class='ocrx_word' id='word_1_155' title='bbox 615 1947 1046 2032; x_wconf 85' lang='lat' dir='ltr'><strong>oblitumque,</strong></span> <span class='ocrx_word' id='word_1_156' title='bbox 1094 1969 1288 2031; x_wconf 89' lang='lat' dir='ltr'><strong>quam</strong></span> <span class='ocrx_word' id='word_1_157' title='bbox 1334 1946 1585 2012; x_wconf 87' lang='lat' dir='ltr'><strong>caducis</strong></span> <span class='ocrx_word' id='word_1_158' title='bbox 1632 1946 2003 2030; x_wconf 87' lang='lat' dir='ltr'><strong>confideret,</strong></span> <span class='ocrx_word' id='word_1_159' title='bbox 2054 1968 2243 2012; x_wconf 90' lang='lat' dir='ltr'><strong>nemo</strong></span> 
     </span>
     <span class='ocr_line' id='line_1_21' title="bbox 131 2035 2245 2122; baseline -0.001 -19"><span class='ocrx_word' id='word_1_160' title='bbox 131 2063 188 2103; x_wconf 82' lang='lat'><strong>20</strong></span> <span class='ocrx_word' id='word_1_161' title='bbox 215 2058 348 2101; x_wconf 90' lang='lat' dir='ltr'><strong>non</strong></span> <span class='ocrx_word' id='word_1_162' title='bbox 401 2037 654 2122; x_wconf 87' lang='lat' dir='ltr'><strong>inpulit.</strong></span> <span class='ocrx_word' id='word_1_163' title='bbox 748 2035 938 2102; x_wconf 85' lang='lat' dir='ltr'><strong>Alius</strong></span> <span class='ocrx_word' id='word_1_164' title='bbox 997 2036 1210 2100; x_wconf 86' lang='lat' dir='ltr'><strong>aiebat</strong></span> <span class='ocrx_word' id='word_1_165' title='bbox 1263 2058 1398 2101; x_wconf 89' lang='lat' dir='ltr'><strong>non</strong></span> <span class='ocrx_word' id='word_1_166' title='bbox 1440 2037 1689 2100; x_wconf 88' lang='lat' dir='ltr'><strong>laturos</strong></span> <span class='ocrx_word' id='word_1_167' title='bbox 1745 2037 2045 2101; x_wconf 87' lang='lat' dir='ltr'><strong>nuntium</strong></span> <span class='ocrx_word' id='word_1_168' title='bbox 2090 2036 2245 2100; x_wconf 88' lang='lat' dir='ltr'><strong>belli</strong></span> 
     </span>
     <span class='ocr_line' id='line_1_22' title="bbox 215 2125 2312 2212; baseline 0 -23"><span class='ocrx_word' id='word_1_169' title='bbox 215 2129 279 2190; x_wconf 88' lang='lat' dir='ltr'><strong>et</strong></span> <span class='ocrx_word' id='word_1_170' title='bbox 335 2126 414 2190; x_wconf 90' lang='lat' dir='ltr'><strong>ad</strong></span> <span class='ocrx_word' id='word_1_171' title='bbox 467 2126 746 2209; x_wconf 87' lang='lat' dir='ltr'><strong>primam</strong></span> <span class='ocrx_word' id='word_1_172' title='bbox 803 2125 1117 2190; x_wconf 80' lang='lat' dir='ltr'><strong>adventus</strong></span> <span class='ocrx_word' id='word_1_173' title='bbox 1173 2126 1413 2189; x_wconf 86' lang='lat' dir='ltr'><strong>famam</strong></span> <span class='ocrx_word' id='word_1_174' title='bbox 1468 2129 1653 2210; x_wconf 87' lang='lat' dir='ltr'><strong>terga</strong></span> <span class='ocrx_word' id='word_1_175' title='bbox 1698 2147 2022 2212; x_wconf 69' lang='lat' dir='ltr'><strong>versurosg</strong></span> <span class='ocrx_word' id='word_1_176' title='bbox 2078 2126 2241 2190; x_wconf 87' lang='lat' dir='ltr'><strong>alius</strong></span> <span class='ocrx_word' id='word_1_177' title='bbox 2280 2141 2312 2189; x_wconf 82' lang='lat'>2</span> 
     </span>
     <span class='ocr_line' id='line_1_23' title="bbox 213 2213 2243 2301; baseline 0 -24"><span class='ocrx_word' id='word_1_178' title='bbox 213 2214 380 2278; x_wconf 89' lang='lat' dir='ltr'><strong>nihil</strong></span> <span class='ocrx_word' id='word_1_179' title='bbox 417 2235 550 2278; x_wconf 88' lang='grc'><strong>0330</strong></span> <span class='ocrx_word' id='word_1_180' title='bbox 581 2214 780 2301; x_wconf 90' lang='lat' dir='ltr'><strong>dubii,</strong></span> <span class='ocrx_word' id='word_1_181' title='bbox 809 2215 970 2299; x_wconf 90' lang='lat' dir='ltr'><strong>quin</strong></span> <span class='ocrx_word' id='word_1_182' title='bbox 1005 2215 1120 2279; x_wconf 85' lang='lat' dir='ltr'><strong>illa</strong></span> <span class='ocrx_word' id='word_1_183' title='bbox 1155 2215 1325 2279; x_wconf 92' lang='lat' dir='ltr'><strong>mole</strong></span> <span class='ocrx_word' id='word_1_184' title='bbox 1358 2236 1494 2279; x_wconf 90' lang='lat' dir='ltr'><strong>non</strong></span> <span class='ocrx_word' id='word_1_185' title='bbox 1519 2213 1689 2278; x_wconf 80' lang='lat' dir='ltr'><strong>vinci</strong></span> <span class='ocrx_word' id='word_1_186' title='bbox 1722 2215 1930 2279; x_wconf 90' lang='lat' dir='ltr'><strong>solum</strong></span> <span class='ocrx_word' id='word_1_187' title='bbox 1961 2213 2243 2298; x_wconf 84' lang='lat' dir='ltr'><strong>Graecia,</strong></span> 
     </span>
     <span class='ocr_line' id='line_1_24' title="bbox 213 2302 2244 2390; baseline -0 -22"><span class='ocrx_word' id='word_1_188' title='bbox 213 2303 324 2368; x_wconf 89' lang='lat' dir='ltr'><strong>sed</strong></span> <span class='ocrx_word' id='word_1_189' title='bbox 373 2302 562 2367; x_wconf 91' lang='lat' dir='ltr'><strong>obrui</strong></span> <span class='ocrx_word' id='word_1_190' title='bbox 598 2308 848 2390; x_wconf 80' lang='lat' dir='ltr'><strong>posset3</strong></span> <span class='ocrx_word' id='word_1_191' title='bbox 893 2303 1102 2388; x_wconf 85' lang='lat' dir='ltr'><strong>magis</strong></span> <span class='ocrx_word' id='word_1_192' title='bbox 1140 2303 1507 2390; x_wconf 80' lang='lat' dir='ltr'><strong>verendum,</strong></span> <span class='ocrx_word' id='word_1_193' title='bbox 1549 2325 1631 2367; x_wconf 90' lang='lat' dir='ltr'><strong>ne</strong></span> <span class='ocrx_word' id='word_1_194' title='bbox 1669 2325 1898 2370; x_wconf 84' lang='lat' dir='ltr'><strong>vacuas</strong></span> <span class='ocrx_word' id='word_1_195' title='bbox 1938 2303 2244 2368; x_wconf 88' lang='lat' dir='ltr'><strong>desertas-</strong></span> 
     </span>
     <span class='ocr_line' id='line_1_25' title="bbox 216 2391 2242 2479; baseline 0 -24"><span class='ocrx_word' id='word_1_196' title='bbox 216 2413 340 2475; x_wconf 92' lang='lat' dir='ltr'><strong>que</strong></span> <span class='ocrx_word' id='word_1_197' title='bbox 386 2391 579 2456; x_wconf 91' lang='lat' dir='ltr'><strong>urbes</strong></span> <span class='ocrx_word' id='word_1_198' title='bbox 623 2393 986 2458; x_wconf 83' lang='lat' dir='ltr'><strong>invenirent</strong></span> <span class='ocrx_word' id='word_1_199' title='bbox 1031 2397 1097 2458; x_wconf 88' lang='lat' dir='ltr'><strong>et</strong></span> <span class='ocrx_word' id='word_1_200' title='bbox 1142 2393 1437 2479; x_wconf 84' lang='lat' dir='ltr'><strong>profugis</strong></span> <span class='ocrx_word' id='word_1_201' title='bbox 1484 2391 1783 2457; x_wconf 89' lang='lat' dir='ltr'><strong>hostibus</strong></span> <span class='ocrx_word' id='word_1_202' title='bbox 1830 2396 2049 2456; x_wconf 85' lang='lat' dir='ltr'><strong>vastae</strong></span> <span class='ocrx_word' id='word_1_203' title='bbox 2096 2392 2242 2456; x_wconf 90' lang='lat' dir='ltr'><strong>soli-</strong></span> 
     </span>
     <span class='ocr_line' id='line_1_26' title="bbox 137 2479 2241 2566; baseline -0.001 -20"><span class='ocrx_word' id='word_1_204' title='bbox 137 2480 472 2546; x_wconf 72' lang='grc'><strong>2513111111188</strong></span> <span class='ocrx_word' id='word_1_205' title='bbox 518 2479 1030 2565; x_wconf 90' lang='lat' dir='ltr'><strong>relinquerentur</strong></span> <span class='ocrx_word' id='word_1_206' title='bbox 1072 2503 1204 2546; x_wconf 93' lang='lat' dir='ltr'><strong>non</strong></span> <span class='ocrx_word' id='word_1_207' title='bbox 1249 2481 1599 2566; x_wconf 87' lang='lat' dir='ltr'><strong>habituris,</strong></span> <span class='ocrx_word' id='word_1_208' title='bbox 1654 2481 1766 2545; x_wconf 90' lang='lat' dir='ltr'><strong>ubi</strong></span> <span class='ocrx_word' id='word_1_209' title='bbox 1812 2485 2029 2545; x_wconf 88' lang='lat' dir='ltr'><strong>tantas</strong></span> <span class='ocrx_word' id='word_1_210' title='bbox 2075 2481 2241 2545; x_wconf 83' lang='lat' dir='ltr'><strong>vires</strong></span> 
     </span>
     <span class='ocr_line' id='line_1_27' title="bbox 217 2569 2308 2656; baseline 0 -24"><span class='ocrx_word' id='word_1_211' title='bbox 217 2589 504 2634; x_wconf 86' lang='lat' dir='ltr'><strong>exercere</strong></span> <span class='ocrx_word' id='word_1_212' title='bbox 539 2574 831 2655; x_wconf 86' lang='lat' dir='ltr'><strong>possent;</strong></span> <span class='ocrx_word' id='word_1_213' title='bbox 867 2569 1032 2635; x_wconf 90' lang='lat' dir='ltr'><strong>alius</strong></span> <span class='ocrx_word' id='word_1_214' title='bbox 1065 2571 1175 2634; x_wconf 87' lang='lat' dir='ltr'><strong>vix</strong></span> <span class='ocrx_word' id='word_1_215' title='bbox 1211 2570 1310 2634; x_wconf 89' lang='lat' dir='ltr'><strong>illi</strong></span> <span class='ocrx_word' id='word_1_216' title='bbox 1346 2592 1559 2634; x_wconf 87' lang='lat' dir='ltr'><strong>rerum</strong></span> <span class='ocrx_word' id='word_1_217' title='bbox 1594 2573 1894 2634; x_wconf 88' lang='lat' dir='ltr'><strong>naturam</strong></span> <span class='ocrx_word' id='word_1_218' title='bbox 1932 2570 2239 2656; x_wconf 84' lang='lat' dir='ltr'><strong>sufficere,</strong></span> <span class='ocrx_word' id='word_1_219' title='bbox 2277 2586 2308 2633; x_wconf 90' lang='lat'><strong>3</strong></span> 
     </span>
     <span class='ocr_line' id='line_1_28' title="bbox 217 2658 2235 2745; baseline 0.001 -24"><span class='ocrx_word' id='word_1_220' title='bbox 217 2662 488 2742; x_wconf 87' lang='lat' dir='ltr'><strong>angusta</strong></span> <span class='ocrx_word' id='word_1_221' title='bbox 534 2679 670 2722; x_wconf 88' lang='lat' dir='ltr'><strong>esse</strong></span> <span class='ocrx_word' id='word_1_222' title='bbox 717 2659 1028 2724; x_wconf 85' lang='lat' dir='ltr'><strong>classibus</strong></span> <span class='ocrx_word' id='word_1_223' title='bbox 1073 2659 1295 2744; x_wconf 87' lang='lat' dir='ltr'><strong>maria,</strong></span> <span class='ocrx_word' id='word_1_224' title='bbox 1340 2659 1538 2724; x_wconf 85' lang='lat' dir='ltr'><strong>militi</strong></span> <span class='ocrx_word' id='word_1_225' title='bbox 1574 2664 1799 2745; x_wconf 81' lang='lat' dir='ltr'><strong>castra,</strong></span> <span class='ocrx_word' id='word_1_226' title='bbox 1846 2658 2235 2743; x_wconf 84' lang='lat' dir='ltr'><strong>explicandis</strong></span> 
     </span>
     <span class='ocr_line' id='line_1_29' title="bbox 213 2746 2232 2833; baseline 0.001 -23"><span class='ocrx_word' id='word_1_227' title='bbox 213 2746 619 2830; x_wconf 88' lang='lat' dir='ltr'><strong>equestribus</strong></span> <span class='ocrx_word' id='word_1_228' title='bbox 666 2747 866 2831; x_wconf 89' lang='lat' dir='ltr'><strong>copiis</strong></span> <span class='ocrx_word' id='word_1_229' title='bbox 913 2749 1312 2833; x_wconf 88' lang='lat' dir='ltr'><strong>campestria,</strong></span> <span class='ocrx_word' id='word_1_230' title='bbox 1355 2748 1465 2813; x_wconf 80' lang='lat' dir='ltr'><strong>vix</strong></span> <span class='ocrx_word' id='word_1_231' title='bbox 1509 2751 1729 2831; x_wconf 88' lang='lat' dir='ltr'><strong>patere</strong></span> <span class='ocrx_word' id='word_1_232' title='bbox 1775 2748 2017 2813; x_wconf 86' lang='lat' dir='ltr'><strong>caelum</strong></span> <span class='ocrx_word' id='word_1_233' title='bbox 2075 2747 2232 2813; x_wconf 88' lang='lat' dir='ltr'><strong>satis</strong></span> 
     </span>
     <span class='ocr_line' id='line_1_30' title="bbox 184 2834 2303 2902; baseline 0.001 -4"><span class='ocrx_word' id='word_1_234' title='bbox 184 2834 294 2898; x_wconf 77' lang='lat' dir='ltr'><strong>vad</strong></span> <span class='ocrx_word' id='word_1_235' title='bbox 339 2834 690 2900; x_wconf 87' lang='lat' dir='ltr'><strong>emittenda</strong></span> <span class='ocrx_word' id='word_1_236' title='bbox 736 2837 910 2900; x_wconf 90' lang='lat' dir='ltr'><strong>omni</strong></span> <span class='ocrx_word' id='word_1_237' title='bbox 954 2858 1148 2901; x_wconf 88' lang='lat' dir='ltr'><strong>manu</strong></span> <span class='ocrx_word' id='word_1_238' title='bbox 1193 2837 1339 2902; x_wconf 88' lang='lat' dir='ltr'><strong>tela.</strong></span> <span class='ocrx_word' id='word_1_239' title='bbox 1433 2835 1597 2902; x_wconf 83' lang='lat' dir='ltr'><strong>Cum</strong></span> <span class='ocrx_word' id='word_1_240' title='bbox 1640 2837 1710 2900; x_wconf 93' lang='lat' dir='ltr'><strong>in</strong></span> <span class='ocrx_word' id='word_1_241' title='bbox 1754 2836 1927 2902; x_wconf 87' lang='grc'><strong>1111110</strong></span> <span class='ocrx_word' id='word_1_242' title='bbox 1971 2837 2233 2902; x_wconf 92' lang='lat' dir='ltr'><strong>modum</strong></span> <span class='ocrx_word' id='word_1_243' title='bbox 2268 2853 2303 2901; x_wconf 84' lang='lat'>4</span> 
     </span>
     <span class='ocr_line' id='line_1_31' title="bbox 131 2924 2233 3012; baseline -0.001 -20"><span class='ocrx_word' id='word_1_244' title='bbox 131 2951 185 2992; x_wconf 60' lang='grc' dir='ltr'><strong>πο</strong></span> <span class='ocrx_word' id='word_1_245' title='bbox 210 2925 416 2988; x_wconf 91' lang='lat' dir='ltr'><strong>multa</strong></span> <span class='ocrx_word' id='word_1_246' title='bbox 459 2925 742 3009; x_wconf 87' lang='lat' dir='ltr'><strong>undique</strong></span> <span class='ocrx_word' id='word_1_247' title='bbox 787 2925 1195 3012; x_wconf 87' lang='lat' dir='ltr'><strong>iactarentur,</strong></span> <span class='ocrx_word' id='word_1_248' title='bbox 1243 2948 1403 3010; x_wconf 91' lang='lat' dir='ltr'><strong>quae</strong></span> <span class='ocrx_word' id='word_1_249' title='bbox 1448 2924 1775 2990; x_wconf 88' lang='lat' dir='ltr'><strong>hominem</strong></span> <span class='ocrx_word' id='word_1_250' title='bbox 1810 2926 2011 2990; x_wconf 85' lang='lat' dir='ltr'><strong>nimia</strong></span> <span class='ocrx_word' id='word_1_251' title='bbox 2048 2927 2233 2990; x_wconf 91' lang='lat' dir='ltr'><strong>aesti-</strong></span> 
     </span>
     <span class='ocr_line' id='line_1_32' title="bbox 208 3013 2231 3100; baseline 0.001 -23"><span class='ocrx_word' id='word_1_252' title='bbox 208 3013 490 3078; x_wconf 91' lang='lat' dir='ltr'><strong>matione</strong></span> <span class='ocrx_word' id='word_1_253' title='bbox 537 3013 640 3077; x_wconf 91' lang='lat' dir='ltr'><strong>sui</strong></span> <span class='ocrx_word' id='word_1_254' title='bbox 684 3013 1005 3077; x_wconf 89' lang='lat' dir='ltr'><strong>furentem</strong></span> <span class='ocrx_word' id='word_1_255' title='bbox 1050 3014 1461 3100; x_wconf 85' lang='lat' dir='ltr'><strong>concitarent,</strong></span> <span class='ocrx_word' id='word_1_256' title='bbox 1506 3014 1889 3079; x_wconf 88' lang='lat' dir='ltr'><strong>Demaratus</strong></span> <span class='ocrx_word' id='word_1_257' title='bbox 1928 3013 2231 3080; x_wconf 85' lang='lat' dir='ltr'><strong>Lacedae-</strong></span> 
     </span>
     <span class='ocr_line' id='line_1_33' title="bbox 207 3101 2229 3190; baseline 0.001 -24"><span class='ocrx_word' id='word_1_258' title='bbox 207 3102 460 3168; x_wconf 88' lang='lat' dir='ltr'><strong>monius</strong></span> <span class='ocrx_word' id='word_1_259' title='bbox 525 3102 702 3166; x_wconf 89' lang='lat' dir='ltr'><strong>solus</strong></span> <span class='ocrx_word' id='word_1_260' title='bbox 768 3101 931 3166; x_wconf 83' lang='lat' dir='ltr'><strong>dixit</strong></span> <span class='ocrx_word' id='word_1_261' title='bbox 993 3102 1199 3187; x_wconf 90' lang='lat' dir='ltr'><strong>ipsam</strong></span> <span class='ocrx_word' id='word_1_262' title='bbox 1263 3102 1473 3188; x_wconf 88' lang='lat' dir='ltr'><strong>illam,</strong></span> <span class='ocrx_word' id='word_1_263' title='bbox 1547 3125 1673 3188; x_wconf 89' lang='lat' dir='ltr'><strong>qua</strong></span> <span class='ocrx_word' id='word_1_264' title='bbox 1737 3104 1863 3168; x_wconf 92' lang='lat' dir='ltr'><strong>sibi</strong></span> <span class='ocrx_word' id='word_1_265' title='bbox 1934 3105 2229 3190; x_wconf 85' lang='lat' dir='ltr'><strong>placeret,</strong></span> 
     </span>
     <span class='ocr_line' id='line_1_34' title="bbox 205 3191 2230 3277; baseline -0.001 -17"><span class='ocrx_word' id='word_1_266' title='bbox 205 3191 686 3260; x_wconf 86' lang='lat' dir='ltr'><strong>multitudinem</strong></span> <span class='ocrx_word' id='word_1_267' title='bbox 749 3191 1133 3277; x_wconf 85' lang='lat' dir='ltr'><strong>indigestam</strong></span> <span class='ocrx_word' id='word_1_268' title='bbox 1198 3195 1263 3255; x_wconf 90' lang='lat' dir='ltr'><strong>et</strong></span> <span class='ocrx_word' id='word_1_269' title='bbox 1326 3211 1585 3276; x_wconf 82' lang='lat' dir='ltr'><strong>gravem</strong></span> <span class='ocrx_word' id='word_1_270' title='bbox 1639 3192 2043 3258; x_wconf 90' lang='lat' dir='ltr'><strong>metuendam</strong></span> <span class='ocrx_word' id='word_1_271' title='bbox 2097 3215 2230 3258; x_wconf 89' lang='lat' dir='ltr'><strong>esse</strong></span> 
     </span>
    </p>
   </div>
   <div class='ocr_carea' id='block_1_3' title="bbox 208 3347 2231 3633">
    <p class='ocr_par' dir='ltr' id='par_1_3' title="bbox 208 3347 2231 3633">
     <span class='ocr_line' id='line_1_35' title="bbox 383 3347 2231 3422; baseline -0.001 -19"><span class='ocrx_word' id='word_1_272' title='bbox 383 3355 416 3403; x_wconf 85' lang='grc'><strong>6</strong></span> <span class='ocrx_word' id='word_1_273' title='bbox 461 3349 822 3420; x_wconf 84' lang='lat' dir='ltr'><strong>ignoraueres</strong></span> <span class='ocrx_word' id='word_1_274' title='bbox 868 3351 916 3418; x_wconf 87' lang='lat' dir='ltr'><strong>(s</strong></span> <span class='ocrx_word' id='word_1_275' title='bbox 954 3349 1054 3403; x_wconf 80' lang='lat' dir='ltr'><strong>del.</strong></span> <span class='ocrx_word' id='word_1_276' title='bbox 1103 3349 1197 3419; x_wconf 71' lang='lat' dir='ltr'><strong>N2)</strong></span> <span class='ocrx_word' id='word_1_277' title='bbox 1244 3347 1499 3404; x_wconf 83' lang='lat' dir='ltr'><strong>uiresuas</strong></span> <span class='ocrx_word' id='word_1_278' title='bbox 1546 3351 1603 3402; x_wconf 88' lang='lat' dir='ltr'><strong>et</strong></span> <span class='ocrx_word' id='word_1_279' title='bbox 1653 3349 1809 3422; x_wconf 67' lang='lat' dir='ltr'><strong>dum!</strong></span> <span class='ocrx_word' id='word_1_280' title='bbox 1825 3349 1957 3402; x_wconf 91' lang='lat' dir='ltr'><strong>dum</strong></span> <span class='ocrx_word' id='word_1_281' title='bbox 2014 3367 2075 3403; x_wconf 86' lang='lat' dir='ltr'><strong>se</strong></span> <span class='ocrx_word' id='word_1_282' title='bbox 2119 3355 2167 3401; x_wconf 72' lang='grc' dir='ltr'><strong>Ν</strong></span> <span class='ocrx_word' id='word_1_283' title='bbox 2210 3348 2231 3421; x_wconf 81' lang='grc' dir='ltr'><strong>ΙΙ</strong></span> 
     </span>
     <span class='ocr_line' id='line_1_36' title="bbox 210 3419 2230 3492; baseline -0.001 -19"><span class='ocrx_word' id='word_1_284' title='bbox 210 3426 243 3473; x_wconf 81' lang='grc'><strong>9</strong></span> <span class='ocrx_word' id='word_1_285' title='bbox 277 3420 418 3475; x_wconf 86' lang='lat' dir='ltr'><strong>utile</strong></span> <span class='ocrx_word' id='word_1_286' title='bbox 454 3426 556 3473; x_wconf 72' lang='lat' dir='ltr'><strong>NB</strong></span> <span class='ocrx_word' id='word_1_287' title='bbox 588 3422 597 3492; x_wconf 74' lang='grc'><strong>1</strong></span> <span class='ocrx_word' id='word_1_288' title='bbox 627 3436 800 3490; x_wconf 87' lang='grc'><strong>1111010</strong></span> <span class='ocrx_word' id='word_1_289' title='bbox 835 3421 910 3473; x_wconf 59' lang='grc' dir='ltr'><strong>ΠΙ</strong></span> <span class='ocrx_word' id='word_1_290' title='bbox 940 3422 950 3489; x_wconf 76' lang='grc'><strong>1</strong></span> <span class='ocrx_word' id='word_1_291' title='bbox 982 3420 1150 3474; x_wconf 88' lang='lat' dir='ltr'><strong>sicuti</strong></span> <span class='ocrx_word' id='word_1_292' title='bbox 1184 3425 1225 3472; x_wconf 99' lang='lat' dir='ltr'>P</span> <span class='ocrx_word' id='word_1_293' title='bbox 1261 3423 1280 3490; x_wconf 77' lang='lat' dir='ltr'>u</span> <span class='ocrx_word' id='word_1_294' title='bbox 1314 3425 1378 3473; x_wconf 84' lang='lat'><strong>10</strong></span> <span class='ocrx_word' id='word_1_295' title='bbox 1413 3419 1705 3474; x_wconf 86' lang='lat' dir='ltr'><strong>reuocabit</strong></span> <span class='ocrx_word' id='word_1_296' title='bbox 1741 3425 1831 3473; x_wconf 77' lang='lat' dir='ltr'><strong>GP</strong></span> <span class='ocrx_word' id='word_1_297' title='bbox 1858 3424 1877 3491; x_wconf 82' lang='grc' dir='ltr'><strong>ΙΙ</strong></span> <span class='ocrx_word' id='word_1_298' title='bbox 1904 3426 1965 3473; x_wconf 83' lang='grc'><strong>13</strong></span> <span class='ocrx_word' id='word_1_299' title='bbox 2004 3419 2230 3474; x_wconf 86' lang='lat' dir='ltr'><strong>credum</strong></span> 
     </span>
     <span class='ocr_line' id='line_1_37' title="bbox 208 3489 2229 3590; baseline -0.001 -47"><span class='ocrx_word' id='word_1_300' title='bbox 208 3493 385 3560; x_wconf 71' lang='grc'><strong>31114</strong></span> <span class='ocrx_word' id='word_1_301' title='bbox 421 3494 647 3545; x_wconf 88' lang='lat' dir='ltr'><strong>mutant</strong></span> <span class='ocrx_word' id='word_1_302' title='bbox 683 3496 726 3543; x_wconf 81' lang='lat' dir='ltr'>G</span> <span class='ocrx_word' id='word_1_303' title='bbox 761 3494 780 3562; x_wconf 82' lang='grc'><strong>11</strong></span> <span class='ocrx_word' id='word_1_304' title='bbox 815 3496 877 3543; x_wconf 76' lang='grc'><strong>15</strong></span> <span class='ocrx_word' id='word_1_305' title='bbox 916 3493 976 3546; x_wconf 83' lang='lat' dir='ltr'><strong>ct</strong></span> <span class='ocrx_word' id='word_1_306' title='bbox 1011 3491 1153 3546; x_wconf 88' lang='lat' dir='ltr'><strong>scito</strong></span> <span class='ocrx_word' id='word_1_307' title='bbox 1189 3497 1230 3544; x_wconf 87' lang='lat' dir='ltr'>P</span> <span class='ocrx_word' id='word_1_308' title='bbox 1265 3494 1284 3562; x_wconf 79' lang='grc' dir='ltr'><strong>ΙΙ</strong></span> <span class='ocrx_word' id='word_1_309' title='bbox 1320 3497 1380 3543; x_wconf 77' lang='grc'><strong>18</strong></span> <span class='ocrx_word' id='word_1_310' title='bbox 1418 3507 1604 3546; x_wconf 86' lang='lat' dir='ltr'><strong>xerses</strong></span> <span class='ocrx_word' id='word_1_311' title='bbox 1644 3496 1687 3543; x_wconf 81' lang='lat' dir='ltr'>G</span> <span class='ocrx_word' id='word_1_312' title='bbox 1725 3493 1743 3562; x_wconf 82' lang='grc' dir='ltr'><strong>ΙΙ</strong></span> <span class='ocrx_word' id='word_1_313' title='bbox 1784 3497 1853 3546; x_wconf 77' lang='lat'><strong>28</strong></span> <span class='ocrx_word' id='word_1_314' title='bbox 1890 3490 2069 3560; x_wconf 83' lang='lat' dir='ltr'><strong>possit</strong></span> <span class='ocrx_word' id='word_1_315' title='bbox 2102 3490 2177 3540; x_wconf 63' lang='grc' dir='ltr'><strong>ΠΙ</strong></span> <span class='ocrx_word' id='word_1_316' title='bbox 2210 3489 2229 3590; x_wconf 65' lang='lat' dir='ltr'>U</span> 
     </span>
     <span class='ocr_line' id='line_1_38' title="bbox 210 3560 2202 3633; baseline -0.002 -19"><span class='ocrx_word' id='word_1_317' title='bbox 210 3568 277 3615; x_wconf 81' lang='lat'><strong>25</strong></span> <span class='ocrx_word' id='word_1_318' title='bbox 314 3561 566 3616; x_wconf 83' lang='lat' dir='ltr'><strong>habituri</strong></span> <span class='ocrx_word' id='word_1_319' title='bbox 602 3561 686 3616; x_wconf 89' lang='lat' dir='ltr'><strong>ibi</strong></span> <span class='ocrx_word' id='word_1_320' title='bbox 724 3562 842 3633; x_wconf 85' lang='lat' dir='ltr'><strong>(ubi</strong></span> <span class='ocrx_word' id='word_1_321' title='bbox 869 3562 958 3633; x_wconf 75' lang='lat' dir='ltr'><strong>P2)</strong></span> <span class='ocrx_word' id='word_1_322' title='bbox 985 3567 1026 3614; x_wconf 98' lang='lat' dir='ltr'>P</span> <span class='ocrx_word' id='word_1_323' title='bbox 1052 3565 1072 3632; x_wconf 82' lang='grc' dir='ltr'><strong>ΙΙ</strong></span> <span class='ocrx_word' id='word_1_324' title='bbox 1101 3568 1162 3615; x_wconf 83' lang='grc'><strong>31</strong></span> <span class='ocrx_word' id='word_1_325' title='bbox 1197 3561 1472 3618; x_wconf 79' lang='lat' dir='ltr'><strong>ferentem</strong></span> <span class='ocrx_word' id='word_1_326' title='bbox 1508 3563 1575 3616; x_wconf 70' lang='lat'><strong>1²¹</strong></span> <span class='ocrx_word' id='word_1_327' title='bbox 1603 3565 1620 3632; x_wconf 81' lang='grc' dir='ltr'><strong>ΙΙ</strong></span> <span class='ocrx_word' id='word_1_328' title='bbox 1658 3568 1726 3616; x_wconf 81' lang='grc'><strong>33</strong></span> <span class='ocrx_word' id='word_1_329' title='bbox 1764 3560 2127 3616; x_wconf 88' lang='lat' dir='ltr'><strong>multitudine</strong></span> <span class='ocrx_word' id='word_1_330' title='bbox 2154 3563 2202 3610; x_wconf 73' lang='lat' dir='ltr'>N</span> 
     </span>
    </p>
   </div>
  </div>
 </body>
</html>
