2610 3920
369 161 454 224 26
1005 161 1065 215 L.
1102 159 1388 214 ANNAEI
1425 159 1752 215 SENECAE

365 306 580 370 ficium
627 305 859 392 odisse,
904 305 1057 369 dum
1102 309 1413 391 expectat,
1457 309 1671 389 potest
1719 304 1800 368 ob
1838 304 1904 368 id
1941 308 2166 390 gratus
2207 307 2394 377 esse?

297 411 329 458 3
369 394 913 470 Quemadmodum
958 394 1367 458 acerbissima
1412 394 1754 459 crudelitas
1803 397 1926 478 est,
1978 415 2140 477 quae
2186 395 2396 458 trahit

366 505 658 568 poenam,
703 486 769 547 et
814 483 1285 547 misericordiae
1328 503 1534 568 ¹genus
1581 485 1681 547 est
1723 482 1852 547 cito
1893 483 2193 569 occidere,
2239 483 2394 567 quia

366 575 759 636 tormentum
793 571 1091 636 ultimum
1128 572 1324 637 finem
1363 571 1464 635 sui
1501 593 1717 635 secum
1752 570 1977 657 adfert,
2010 571 2181 654 quod
2217 575 2393 637 ante·
2556 641 2557 660 ἶ

367 661 534 725 cedit
587 664 870 745 tempus,
928 661 1207 725 maxima
1251 660 1508 725 venturi
1564 659 1862 744 supplicii
1917 681 2066 743 pars
2118 663 2244 747 est,
2299 661 2394 724 ita
2451 685 2473 725 5

365 749 570 813 maior
608 752 706 814 est
742 750 1023 814 muneris
1061 749 1287 834 gratia,
1326 770 1452 833 quo
1490 749 1704 813 minus
1743 748 1852 813 diu
1879 748 2198 832 pependit.
2260 748 2387 814 Est

368 839 537 903 enim
576 838 769 902 etiam
806 838 1120 902 bonarum
1154 861 1372 902 rerum
1409 837 1686 901 sollicita
1722 837 2102 923 expectatio,
2139 842 2204 901 et
2243 859 2391 902 cum

365 927 641 1010 plurima
694 927 1000 991 beneficia
1054 926 1405 990 remedium
1457 926 1726 990 alicuius
1771 927 1866 990 rei
1911 925 2231 1010 adferant,
2278 927 2392 1010 qui

366 1019 477 1079 aut
542 1015 785 1080 diutius
848 1015 1141 1098 torqueri
1202 1015 1477 1100 patitur,
1553 1036 1743 1098 quem
1803 1015 2102 1098 protinus
2171 1018 2392 1098 potest

364 1105 655 1190 liberare,
684 1107 796 1168 aut
825 1104 1070 1168 tardius
1100 1104 1396 1189 gaudere,
1423 1104 1730 1168 beneficio
1761 1125 1877 1168 suo
1906 1125 2134 1167 manus
2164 1103 2390 1168 adfert.
2423 1130 2473 1170 10

365 1192 588 1257 Omnis
642 1192 1009 1278 benignitas
1062 1197 1394 1276 properat,
1453 1195 1517 1256 et
1572 1191 1905 1276 proprium
1961 1195 2060 1256 est
2112 1191 2394 1256 libenter

362 1281 658 1346 facientis
693 1281 822 1346 cito
857 1282 1093 1366 facere3
1131 1282 1243 1365 qui
1280 1281 1464 1346 tarde
1501 1285 1566 1345 et
1603 1280 1770 1345 diem
1798 1280 1874 1346 de
1909 1280 2010 1344 die
2046 1280 2393 1346 extrahens

364 1370 637 1454 profuit,
697 1392 831 1434 non
885 1393 962 1434 ex
1016 1371 1228 1434 animo
1282 1369 1453 1434 fecit.
1553 1367 1656 1433 Ita
1712 1369 1868 1433 duas
1923 1391 2024 1434 res
2077 1370 2393 1434 maximas

266 1481 271 1486 ·
364 1459 661 1547 perdidit,
706 1463 771 1524 et
814 1463 1068 1542 tempus
1116 1463 1181 1522 ct
1226 1462 1677 1544 argumentum
1723 1459 1962 1523 amicae
2003 1458 2393 1545 voluntatis3

178 1652 323 1706 V11

364 1549 545 1614 tarde
590 1548 755 1613 velle
799 1547 1080 1611 nolentis
1127 1551 1241 1610 est.
1941 1603 1946 1608 .
2425 1574 2471 1616 15

538 1635 617 1701 In
670 1636 847 1701 omni
897 1635 1191 1721 negotio,
1252 1634 1595 1722 Liberalis,
1655 1658 1790 1700 non
1849 1636 2114 1701 minima
2169 1639 2388 1720 portio

364 1730 461 1790 est
472 1779 489 1812 ,
544 1724 862 1809 quomodo
920 1724 1198 1808 quidque
1254 1729 1366 1788 aut
1421 1725 1668 1789 dicatur
1715 1728 1825 1788 aut
1881 1725 2012 1790 fiat.
2101 1725 2388 1790 Multum

362 1814 655 1879 celeritas
702 1813 951 1900 adiecit,
994 1814 1273 1877 multum
1321 1813 1592 1878 abstulit
1627 1836 1822 1878 mora.
1899 1812 2081 1878 Sicut
2120 1815 2190 1878 in
2236 1815 2390 1880 telis

363 1902 582 1969 eadem
626 1901 783 1967 ferri
827 1902 925 1967 vis
972 1906 1087 1987 est,
1135 1902 1245 1967 sed
1289 1903 1616 1968 infinitum
1663 1903 1960 1989 interest,
2015 1907 2234 1968 utrum
2282 1926 2387 1969 ex-

363 2014 549 2057 cusso
603 1992 843 2055 lacerto
896 1995 1321 2075 torqueantur
1376 2015 1459 2056 an
1511 1992 1779 2057 remissa
1842 2013 2037 2057 manu
2098 1992 2390 2079 effluant,
2417 2019 2469 2060 20

364 2080 617 2167 gladius
669 2081 840 2144 idem
895 2082 959 2145 et
1013 2082 1278 2166 stringit
1335 2086 1398 2145 et
1460 2081 1840 2167 transforat,
1902 2103 2096 2165 quam
2159 2104 2386 2166 presso

366 2169 635 2234 articulo
679 2170 952 2253 venerit,
995 2169 1221 2254 refert,
1265 2170 1362 2234 ita
1405 2169 1575 2234 idem
1622 2173 1745 2255 est,
1799 2170 1973 2253 quod
2019 2170 2226 2254 datur,
2275 2172 2390 2237 sed

364 2258 659 2343 interest,
687 2258 1004 2341 quomodo
1038 2258 1241 2324 detur.
1316 2258 1520 2335 Quam
1559 2258 1759 2345 dulce,
1796 2280 1988 2342 quam
2024 2260 2389 2342 pretiosum

364 2350 488 2430 est,
542 2346 596 2410 si
650 2347 892 2431 gratias
948 2346 1074 2411 sibi
1121 2348 1235 2433 'agi
1278 2370 1414 2412 non
1458 2350 1558 2413 est
1602 2368 1856 2432 passus,
1913 2346 2024 2431 qui
2070 2348 2274 2434 dedit,
2333 2350 2389 2414 si

362 2435 629 2521 dedisse,
676 2435 827 2500 dum
864 2435 992 2521 dat,
1038 2436 1280 2500 oblitus
1320 2438 1443 2501 est!
1517 2434 1685 2500 Nam
1723 2436 2042 2519 corripere
2081 2458 2244 2521 eum,
2284 2439 2390 2503 0111
2417 2462 2466 2503 25

363 2546 507 2589 cum
544 2525 822 2589 maxime
859 2524 1103 2608 aliquid
1148 2529 1456 2609 praestes,
1497 2524 1817 2589 dementia
1854 2527 1954 2588 est
1999 2528 2064 2588 et
2109 2525 2392 2592 inserere

362 2613 846 2678 contumeliam‘⁴
877 2613 1144 2678 meritis.
1251 2612 1480 2697 Itaque
1542 2635 1676 2677 non
1739 2618 1890 2677 sunt
1956 2616 2393 2698 exasperanda

362 2702 670 2767 beneficia
713 2724 830 2767 nec
877 2703 1220 2786 quicquam
1263 2701 1395 2767 illis
1441 2702 1631 2766 triste
1677 2701 2088 2767 miscendum.
2167 2702 2392 2769 Etiam

390 2893 471 2909 5:35:

538 2935 567 2982 1
610 2948 691 2999 gr.
738 2946 859 2983 0000
896 2935 939 2982 G
992 2948 1073 3000 gr.
1113 2928 1167 2984 01
1216 2929 1331 2983 iam
1369 2946 1489 2984 esse
1526 2936 1567 2983 1²
1623 2929 1676 2984 01
1796 2929 2124 2983 auissimum
2176 2946 2300 2985 0000
2339 2938 2394 2985 u

363 3001 557 3069 gratus
595 3015 625 3053 0
662 3017 737 3053 ua
773 3003 958 3071 (gratu
996 3017 1132 3054 seua
1168 3004 1233 3071 B)
1271 3004 1358 3055 est
1395 3004 1536 3071 (0000
1571 3018 1640 3056 ss.
1678 3005 1772 3071 R)
1809 3006 1910 3054 RB
1937 3006 1956 3071 ΙΙ
1983 3007 2017 3054 2
2053 3001 2244 3055 trahet
2272 3004 2350 3055 Nl
2379 3004 2398 3076 Η

364 3075 395 3123 5
415 3073 655 3125 uentura
673 3070 746 3123 ΠΙ
773 3073 791 3141 ΙΙ
819 3077 849 3125 ’1
872 3070 1116 3126 sollicita
1133 3073 1271 3125 mu
1298 3070 1556 3127 sollicitis
1580 3077 1617 3125 0
1644 3074 1662 3142 ΙΙ
1692 3078 1723 3123 8
1754 3072 1852 3141 qui
1869 3093 1912 3126 ω
1942 3089 2051 3141 quo
2074 3078 2116 3125 G
2143 3074 2209 3126 ut
2229 3078 2268 3127 0
2300 3072 2399 3129 1101

363 3141 497 3194 dum
523 3158 591 3196 88.
610 3142 685 3193 ΠΒ
711 3143 735 3221 st
757 3147 790 3194 9
818 3140 916 3210 qui
942 3142 1017 3194 Nl
1042 3144 1061 3212 ΙΙ
1087 3149 1149 3196 12
1178 3159 1246 3198 ex
1273 3143 1366 3198 die
1395 3150 1427 3196 8
1457 3143 1527 3197 de
1555 3142 1648 3197 die
1675 3142 1737 3196 in
1764 3142 1914 3197 diem
1940 3143 2275 3213 protrahens
2301 3151 2360 3197 Π
2379 3146 2400 3218 Η

363 3217 423 3264 18
462 3211 767 3267 celeritat1s
808 3219 839 3265 s
884 3213 892 3284 Ι
934 3212 1144 3267 adiecit
1183 3216 1342 3269 Εἶναι.
1382 3213 1519 3268 feeit
1556 3213 1596 3283 (i
1634 3232 1701 3269 ex
1737 3230 1768 3267 e
1803 3218 1870 3286 R)
1910 3220 1947 3268 0
1993 3216 2011 3284 ΙΙ
2058 3219 2120 3267 19
2159 3230 2399 3270 excussa

360 3284 554 3339 Haase
599 3285 617 3354 ΙΙ
662 3288 726 3336 21
762 3282 1004 3354 stringet
1038 3287 1110 3336 1³²
1153 3286 1160 3356 Ι
1202 3302 1374 3354 quam
1410 3288 1523 3355 (am
1558 3287 1623 3339 in
1656 3288 1788 3355 raa.)
1824 3291 1879 3338 u
1934 3284 2110 3351 Quem
2149 3292 2240 3339 GP
2296 3288 2401 3341 sed

361 3372 533 3424 quam
567 3354 644 3407 ΠΒ
680 3358 741 3409 at
777 3372 947 3423 quam
974 3356 1217 3427 Pfewniq
1251 3360 1270 3438 Ι]
1307 3363 1376 3411 22
1412 3356 1498 3411 ita
1533 3356 1660 3412 add.
1689 3358 1880 3412 ,Haase
1907 3358 1926 3427 ss
1953 3362 2021 3410 23
2060 3356 2398 3427 quolssmodo

362 3428 481 3496 (sub
515 3444 627 3482 raa
658 3426 715 3497 d)
742 3431 790 3478 R
816 3428 835 3497 ΙΙ
861 3432 932 3480 24
969 3427 1018 3480 si
1056 3443 1113 3481 se
1142 3427 1364 3482 dednsse
1393 3434 1436 3481 G
1473 3426 1596 3483 ded.
1628 3427 1774 3501 <se>
1806 3428 1968 3483 Gertz
1993 3429 2012 3498 ΙΙ
2039 3433 2108 3481 25
2145 3427 2295 3481 Nam
2320 3430 2402 3482 ΠΒ

359 3504 1408 3585 ῙῘῦΝαπιΟΙΙεθοωηοφη.Π·
