2610 3920
246 83 580 147 ultionem
634 82 904 166 inplevit
959 83 1380 168 perfecitque,
1437 88 1748 168 quantum
1801 106 1984 149 verae
2037 107 2278 168 poenae

253 172 424 236 satis
464 173 624 256 erat3
670 172 948 255 perdidit
986 172 1154 236 enim
1196 173 1410 256 vitam,
1457 173 1569 255 qui
1607 173 1811 256 debet,
1859 177 1941 260 et,
1986 174 2276 258 quisquis

254 283 343 325 ex
402 260 533 324 alto
593 260 672 324 ad
726 260 970 325 inimici
1024 261 1215 343 pedes
1276 261 1560 325 abiectus
1615 261 1887 326 alienam
1941 261 2018 326 de
2071 262 2280 346 capite

255 369 592 434 regnoque
640 349 1023 413 sententiam
1070 349 1445 432 expectavit,
1490 350 1560 413 in
1607 350 1951 415 servatoris
2000 351 2101 414 sui
2146 352 2279 436 glo-

180 465 217 506 5
260 439 431 502 riam
457 437 619 502 vivit
656 437 929 522 plusque
958 437 1093 502 eius
1130 437 1375 501 nomini
1411 437 1658 502 confert
1693 439 2052 524 incolumi8‚
2087 461 2280 521 quam

259 526 320 591 si
360 547 438 589 ex
474 525 677 590 oculis
716 525 969 590 ablatus
1008 529 1193 590 esset.
1257 524 1616 590 Adsiduum
1645 527 1813 590 enim
1849 528 2280 611 spectaculum

257 614 508 679 alienae
562 614 825 678 virtutis
880 618 1003 698 est3
1057 615 1128 678 in
1179 614 1508 698 triumpho
1566 615 1692 679 cito
1747 617 2103 681 transisset.
2208 613 2278 680 Si
2317 634 2348 681 3

255 725 417 768 vero
480 723 749 787 regnum
812 724 1065 787 quoque
1130 725 1317 767 suum
1379 707 1522 767 tuto
1577 703 1852 788 relinqui
1909 704 2076 788 apud
2131 727 2278 768 eum

256 791 480 876 potuit
516 792 867 875 reponique
905 813 997 876 eo,
1034 791 1198 854 unde
1232 792 1565 876 deciderat,
1600 792 1849 877 ingenti
1884 793 2275 857 incremento

152 909 229 949 ιο
261 880 479 965 surgit
521 879 664 944 laus
712 880 867 966 eius,
914 880 1025 964 qui
1063 883 1401 944 contentus
1437 881 1564 945 fuit
1601 903 1678 945 ex
1715 902 1864 966 rege
1899 881 2070 946 victo
2115 880 2282 944 nihil

258 972 517 1053 praeter
580 967 854 1053 gloriam
917 989 1179 1032 sumere.
1279 967 1422 1032 Hoc
1476 972 1574 1033 est
1631 969 1826 1034 etiam
1881 991 1957 1034 ex
2013 969 2282 1034 victoria

260 1079 383 1122 sua
427 1056 825 1140 triumphare
870 1057 1223 1140 testarique
1266 1056 1433 1120 nihil
1475 1079 1559 1141 se,
1605 1058 1776 1141 quod
1813 1057 2078 1144 dignum
2113 1062 2281 1122 esset

260 1145 525 1230 victore,
572 1146 741 1228 apud
777 1146 982 1209 victos
1029 1145 1364 1209 invenisse.
1439 1142 1604 1210 Cum
1641 1146 1884 1211 civibus
1931 1151 1996 1210 et
2041 1147 2282 1232 ignotis
2317 1165 2350 1212 4

262 1237 458 1317 atque
505 1233 859 1298 humilibus
907 1256 982 1298 eo
1028 1234 1418 1298 moderatius
1467 1234 1780 1318 agendum
1825 1238 1949 1317 est,
1996 1255 2122 1319 quo
2167 1235 2282 1298 mi-

161 1349 227 1390 15
256 1323 441 1388 noris
497 1326 598 1387 est
652 1321 974 1386 adflixisse
1030 1344 1154 1387 eos,
1256 1321 1650 1397 Quibusdam
1708 1323 1984 1386 libenter
2040 1344 2283 1409 parcaS‚

259 1435 302 1476 a
348 1411 731 1495 quibusdam
775 1416 840 1474 te
876 1410 1197 1475 vindicare
1240 1409 1533 1474 fastidias
1581 1415 1646 1475 et
1689 1433 1821 1476 non
1864 1411 2050 1475 aliter
2088 1433 2280 1494 quam

258 1501 341 1566 ab
388 1500 773 1564 animalibus
818 1501 1034 1584 parvis
1083 1499 1191 1564 sed
1230 1502 1625 1583 opterentem
1660 1500 2146 1583 inquinantibus
2182 1521 2282 1562 re-

258 1588 551 1653 ducenda
612 1609 839 1653 manus
904 1591 1029 1674 est3
1095 1591 1161 1652 at
1223 1588 1294 1650 in
1357 1588 1468 1672 iis,
1533 1589 1644 1671 qui
1697 1589 1767 1652 in
1831 1610 1938 1654 ore
2002 1588 2281 1652 civitatis

263 1676 506 1742 servati
577 1676 915 1761 punitique
982 1680 1195 1760 erunt,
1271 1676 1596 1740 occasione
1658 1681 1849 1742 notae
1915 1676 2283 1742 clementiae

172 1792 231 1831 20
260 1765 578 1830 utendum
624 1769 737 1830 est.

443 1853 867 1918 Transeamus
914 1853 993 1917 ad
1038 1853 1277 1918 alienas
1323 1852 1609 1936 iniurias,
1651 1853 1722 1917 in
1759 1854 1993 1938 quibus
2031 1854 2231 1918 vindi-
2271 1870 2298 1918 1
2330 1863 2486 1917 XXII

263 1942 483 2009 candis
530 1942 687 2007 haec
732 1943 861 2006 tria
904 1943 1008 2007 lex
1057 1945 1273 2007 secuta
1319 1945 1435 2027 est,
1484 1964 1644 2026 quae
1686 1943 1982 2028 princeps
2031 1965 2283 2027 quoque

264 2032 449 2117 sequi
496 2031 713 2096 debet:
762 2035 873 2095 aut
919 2034 993 2095 ut
1030 2053 1191 2115 eum,
1238 2053 1429 2114 quem
1465 2032 1672 2118 punit,
1716 2033 2024 2113 emendet,
2069 2035 2180 2095 aut
2214 2038 2286 2096 ut

262 2143 472 2205 poena
527 2120 665 2184 eius
720 2124 962 2185 ceteros
1026 2119 1323 2184 meliores
1388 2120 1634 2205 reddat,
1698 2125 1810 2185 aut
1871 2125 1945 2184 ut
2009 2120 2280 2183 sublatis

176 2234 232 2275 25
262 2208 451 2275 malis
490 2208 839 2273 securiores
877 2210 1070 2273 ceteri
1105 2208 1342 2273 vivant.
1410 2208 1594 2292 Ipsos
1630 2208 1882 2273 facilius
1920 2207 2282 2272 emendabis

261 2299 514 2363 minore
549 2317 781 2382 poena3
819 2296 1189 2381 diligentius
1220 2298 1390 2361 enim
1419 2297 1598 2383 vivit,
1625 2298 1727 2362 cui
1763 2297 2006 2381 aliquid
2041 2296 2279 2380 integri

264 2390 575 2471 superest.
665 2384 875 2449 Nemo
923 2386 1228 2469 dignitati
1281 2386 1565 2469 perditae
1609 2386 1840 2469 parcit3
1896 2384 2278 2468 inpunitatis

262 2496 465 2561 genus
524 2478 622 2539 est
679 2474 809 2537 iam
864 2496 997 2537 non
1053 2472 1289 2538 habere
1345 2494 1586 2557 poenae
1643 2474 1869 2537 locuni.
1979 2470 2276 2537 Civitatis
2314 2490 2346 2537 2

263 2568 480 2629 autem
516 2584 727 2627 mores
764 2562 971 2647 magis
1009 2562 1275 2646 corrigit
1316 2562 1592 2646 parcitas
1631 2561 2278 2647 animadversionum3

440 2726 467 2771 1
504 2718 747 2788 inplebit
781 2724 884 2770 NR
919 2720 939 2788 ΙΙ
974 2724 1008 2771 4
1044 2733 1328 2799 regnoque
1365 2734 1399 2777 ς
1443 2716 1709 2787 regioque
1745 2723 1897 2770 nm?
1941 2716 2096 2787 regio
2135 2724 2224 2769 ΣΡ
2259 2718 2280 2791 ΙΙ

262 2796 294 2844 δ
334 2791 453 2845 eius
492 2790 552 2844 in
589 2789 803 2844 nomini
830 2795 877 2841 Ν
912 2788 1125 2844 nomini
1162 2788 1281 2843 eius
1310 2795 1450 2841 ΕΠ
1482 2791 1490 2857 Ι
1523 2787 1750 2843 colomis
1777 2794 1826 2841 N
1851 2791 1870 2858 ΙΙ
1898 2795 1931 2843 6
1961 2788 2008 2841 si
2035 2806 2134 2844 om.
2163 2789 2232 2841 ΡΙ
2261 2796 2265 2861 Ι

260 2868 293 2915 ’1
330 2862 681 2931 triumphum
716 2865 856 2913 ELP
888 2862 897 2931 Ι
936 2858 1203 2914 transisse
1242 2865 1279 2912 0
1317 2876 1452 2914 corr.
1493 2880 1534 2913 ω
1571 2863 1590 2930 ΙΙ
1625 2866 1688 2913 10
1725 2862 2075 2929 contemptus
2110 2860 2228 2912 1¹11
2261 2862 2265 2929 Ι

257 2938 313 2986 11
348 2936 547 3005 praete
584 2937 630 2984 R
666 2934 685 3001 ΙΙ
720 2937 781 2983 12
820 2932 971 2999 quod
1006 2948 1075 2986 eoe
1109 2946 1331 2999 quoque
1368 2937 1407 2982 L
1443 2932 1462 3001 ΙΙ
1497 2936 1558 2982 13
1595 2930 1866 2986 uictoriae
1903 2936 1995 2982 ΕΙ.
2023 2933 2042 3001 ΙΙ
2077 2935 2139 2983 14
2175 2930 2280 2983 mi-

258 3021 420 3059 nores
458 3009 507 3056 N
542 3002 726 3057 minor
760 3018 847 3056 res
880 3002 1041 3059 Gertz
1068 3004 1086 3072 ΙΙ
1112 3008 1173 3054 15
1213 3018 1307 3056 eos
1345 3017 1444 3055 om.
1474 3002 1542 3053 1²¹
1568 3004 1587 3071 ΙΙ
1613 3008 1673 3055 17
1714 3003 1784 3055 ab
1824 3001 1951 3055 add.
1982 3022 2024 3055 ω
2057 3006 2065 3068 Ι
2099 3000 2196 3053 sed
2231 3006 2279 3052 H

259 3078 317 3129 et
354 3082 392 3129 0
430 3078 450 3157 ΙΙ
485 3080 547 3127 18
584 3073 635 3129 is
671 3079 719 3125 H
755 3073 844 3127 his
881 3079 1022 3126 FLP
1062 3076 1080 3144 ΙΙ
1120 3078 1189 3126 23
1227 3074 1293 3126 ut
1329 3071 1456 3126 aad.
1497 3092 1538 3125 ω
1585 3074 1603 3141 ΙΙ
1648 3078 1717 3125 24
1752 3088 1966 3142 poenae
2002 3072 2130 3125 mv
2170 3073 2178 3138 Ι
2218 3070 2279 3123 in

258 3147 482 3201 sullatis
520 3151 560 3199 1.
596 3147 615 3215 ΙΙ
649 3150 719 3198 25
756 3144 881 3214 ipso
916 3150 965 3197 N
996 3146 1004 3213 Ι
1036 3142 1362 3198 emendabit
1396 3149 1435 3195 1.
1473 3145 1490 3213 ΙΙ
1526 3149 1596 3197 26
1631 3160 1782 3213 pona
1816 3149 1918 3195 HR
1945 3146 1964 3213 ΙΙ
1990 3149 2057 3197 27
2095 3140 2279 3221 pascit

256 3224 305 3271 Π
330 3221 349 3289 ΙΙ
376 3224 445 3271 28
475 3232 659 3287 ponae
684 3222 735 3268 Ἡ
760 3218 779 3285 ΙΙ
805 3222 875 3269 29
904 3214 1134 3283 corripit
1160 3219 1252 3266 FP
1285 3214 1532 3283 corrupit
1557 3220 1596 3266 1.
1629 3216 1638 3285 Ι
1668 3213 1881 3284 paritas
1908 3220 1956 3266 H
1988 3214 1994 3285 Ι
2029 3212 2278 3265 animad-

256 3289 573 3345 uersionem
611 3287 682 3338 R²
