2610 3920
245 77 651 142 clementiam
722 79 935 163 posita
1008 83 1185 163 sunt,
1258 99 1421 162 quae
1481 78 1686 143 vitare
1756 78 2091 165 debemus;
2151 101 2269 162 per

242 168 503 248 speciem
558 168 725 232 enim
776 169 1116 233 severitatis
1169 168 1241 231 in
1286 167 1702 232 crudelitatem
1747 169 2106 248 incidimuS,
2153 191 2266 252 per

167 291 175 300 ·
246 255 523 339 speciem
577 255 948 320 clementiae
1002 256 1073 319 in
1124 255 1641 320 misericordiam.
1732 255 1811 320 In
1862 257 1985 321 hoc
2030 257 2266 322 leviore

244 343 531 427 periculo
580 348 845 428 erratur,
894 343 1003 409 sed
1050 367 1167 428 par
1202 365 1382 408 error
1419 348 1518 408 est
1557 368 1594 409 a
1629 366 1780 410 vero
1817 346 2263 411 recedentium.

192 459 216 498 5
244 432 424 518 Ergo
449 433 985 515 quemadmodum
1010 433 1237 518 religio
1267 433 1418 496 deos
1447 433 1620 518 colit,
1650 435 2025 517 superstitio
2045 435 2264 520 violat,
2304 452 2331 498 1
2363 445 2414 498 V

242 521 339 585 ita
366 522 771 586 clementiam
799 522 1480 605 mansuetudinemque
1509 543 1728 586 omnes
1757 523 1912 587 boni
1940 522 2064 587 viri
2091 545 2267 607 prae-

246 610 531 696 stabunt,
566 611 1067 675 misericordiam
1103 614 1318 675 autem
1345 611 1669 695 vitabunt3
1709 616 1807 675 est
1835 612 2006 676 enim
2034 612 2263 676 vitium
2355 683 2364 690 ,

244 698 468 782 pusilli
496 699 694 762 animi
722 699 800 763 ad
838 700 1113 783 speciem
1143 699 1497 763 alienorum
1525 699 1832 764 malorum
1866 699 2262 766 succidentis,

243 786 473 871 Itaque
544 788 824 871 pessimo
896 788 1123 871 cuique
1194 788 1697 852 familiarissima
1768 792 1893 872 est3
1967 810 2125 853 anus
2199 793 2263 852 et

166 901 217 940 ιο
243 876 655 940 mulierculae
683 880 852 960 sunt,
880 898 1040 960 quae
1067 876 1352 941 lacrimis
1378 877 1978 942 nocentissimorum
2007 898 2264 941 moven-

243 969 377 1049 tur,
441 986 603 1047 quae
613 1017 631 1050 ,
695 965 750 1028 si
812 965 1061 1048 liceret,
1126 986 1437 1028 carcerem
1493 965 1920 1050 effringerent.
2015 965 2261 1030 Miseri-

243 1053 458 1118 cordia
511 1075 644 1118 non
696 1075 975 1138 causam,
1041 1053 1150 1117 sed
1202 1054 1533 1118 fortunam
1589 1059 1861 1140 spectat3
1926 1054 2262 1118 clementia

242 1142 480 1206 rationi
508 1142 763 1206 accedit.
837 1141 981 1207 Scio
1010 1142 1175 1205 male
1216 1141 1432 1206 audire
1470 1142 1636 1227 apud
1671 1143 1984 1226 inperitos
2021 1147 2259 1208 sectam
2298 1161 2329 1209 2

245 1227 607 1295 Stoicorum
636 1234 965 1314 tamquam
992 1231 1215 1294 duram
1241 1231 1436 1295 nimis
1473 1235 1538 1295 et
1573 1231 1833 1295 minime
1861 1232 2260 1316 principibus

168 1345 216 1384 ιε
244 1319 629 1404 regibusque
694 1319 935 1383 bonum
998 1318 1293 1384 daturam
1368 1320 1731 1404 consilium3
1804 1319 2083 1384 obicitur
2145 1321 2264 1407 illi,

245 1408 416 1491 quod
454 1408 807 1492 sapientem
841 1411 1038 1493 negat
1074 1409 1381 1494 misereri,
1421 1412 1615 1493 negat
1651 1409 1996 1494 ignoscere.
2071 1408 2262 1491 Haec,

244 1497 298 1560 si
346 1518 461 1580 per
507 1519 573 1560 se
618 1501 958 1581 ponantur,
1004 1497 1212 1561 invisa
1258 1501 1436 1580 sunt3
1478 1496 1778 1561 videntur
1813 1497 1985 1560 enim
2018 1497 2264 1561 nullam

242 1585 600 1668 relinquere
649 1607 826 1669 spem
872 1585 1169 1650 humanis
1214 1586 1567 1671 erroribuS,
1617 1586 1729 1650 sed
1775 1586 1989 1650 omnia
2031 1585 2262 1650 delicta

242 1674 325 1738 ad
397 1694 667 1757 poenam
740 1674 1057 1738 deducere.
1169 1673 1352 1750 Quod
1419 1675 1474 1738 si
1543 1679 1666 1759 est,
1742 1675 2045 1758 quidnam
2107 1674 2262 1738 haec
2299 1692 2330 1740 3

162 1789 215 1828 20
242 1761 531 1847 scientia,
576 1783 737 1847 quae
783 1762 1103 1827 dediscere
1148 1763 1614 1827 humanitatem
1658 1764 1838 1828 iubet
1875 1767 2263 1847 portumque

242 1850 545 1916 adversus
599 1852 929 1916 fortunam
972 1852 1403 1916 certissimum
1449 1855 1674 1915 mutuo
1732 1852 1971 1916 auxilio
2018 1851 2262 1917 cludit?

244 1939 367 2006 Sed
402 1940 581 2006 nulla
620 1944 792 2006 secta
828 1941 1169 2027 benignior
1204 1941 1537 2026 leniorque
1574 1945 1692 2028 est,
1725 1940 1906 2006 nulla
1944 1942 2262 2006 amantior

240 2029 575 2094 hominum
624 2034 687 2093 et
732 2031 1083 2095 communis
1131 2031 1285 2095 boni
1333 2030 1668 2115 adtentior,
1727 2034 1801 2094 ut
1855 2032 2262 2114 propositum

244 2119 329 2183 sit
375 2120 522 2184 usui
569 2140 707 2183 esse
754 2122 817 2182 et
863 2119 1101 2184 auxilio
1146 2141 1263 2183 nec
1309 2119 1435 2183 sibi
1476 2122 1748 2203 tantum,
1797 2118 1906 2183 sed
1942 2120 2258 2183 universis

164 2232 216 2273 25
243 2207 645 2293 singulisque
672 2209 1017 2273 consulere.
1081 2207 1518 2273 Misericordia
1553 2212 1652 2271 est
1690 2207 2024 2291 aegritudo
2063 2206 2259 2271 animi
2297 2226 2330 2271 4

244 2296 326 2360 ob
364 2295 715 2359 alienarum
750 2296 1150 2361 miseriarum
1190 2297 1463 2380 speciem
1492 2302 1602 2360 aut
1631 2295 1902 2359 tristitia
1929 2317 2007 2359 ex
2036 2296 2258 2360 alienis

419 2510 446 2556 1
481 2520 583 2573 per
608 2504 1003 2559 —incidimus
1048 2507 1224 2576 suppl.
1267 2507 1449 2573 Gertz,
1493 2523 1559 2561 ex
1595 2512 1756 2575 parte
1791 2507 1905 2559 iam
1941 2520 1974 2563 ς
2012 2506 2216 2573 aliique
2243 2506 2261 2565 ς1

242 2581 274 2629 3
312 2576 377 2628 In
412 2574 699 2630 holeuiore
735 2581 783 2627 H
828 2580 846 2646 ΙΙ
892 2582 923 2628 5
961 2593 1065 2646 ego
1102 2582 1204 2629 NR
1248 2580 1267 2647 [Ι
1313 2583 1346 2631 6
1381 2576 1868 2631 mansuetudinem
1905 2590 2071 2644 quem
2105 2581 2208 2627 HR
2243 2576 2262 2649 ΙΙ

241 2652 274 2699 8
301 2645 578 2700 malorum
608 2664 641 2706 ς
679 2662 779 2701 om.
810 2652 848 2699 0
881 2648 890 2717 Ι
922 2647 1269 2701 succedentis
1299 2653 1338 2700 0
1360 2651 1385 2729 fl
1411 2653 1473 2700 10
1501 2650 1630 2701 sunt
1656 2646 1788 2701 mul.
1819 2652 1911 2699 ΕΙ.
1943 2645 1951 2717 Ι
1984 2646 2263 2701 mouentir

241 2723 289 2769 H
325 2717 463 2771 -ntis
500 2720 672 2789 31111
711 2732 929 2771 carcere
964 2723 1065 2770 NB
1100 2720 1121 2789 ΙΙ
1156 2724 1217 2772 13
1256 2717 1466 2772 accldit
1502 2724 1540 2771 0
1573 2720 1582 2789 1
1615 2717 1801 2771 audiri
1835 2723 1925 2770 ΣΡ
1951 2719 1975 2798 fl
1995 2723 2058 2770 14
2094 2716 2260 2771 nimis

244 2788 439 2843 duram
476 2794 617 2841 FLP
642 2792 661 2858 ΙΙ
689 2794 748 2842 15
786 2788 987 2843 datura
1025 2806 1069 2844 c.
1110 2793 1219 2859 (-ur
1258 2806 1338 2842 ac.
1376 2792 1444 2859 Β)
1471 2794 1573 2843 lm
1604 2793 1613 2860 Ι
1646 2790 1734 2843 ob.
1774 2788 1923 2842 enim
1959 2788 2047 2840 illi
2074 2794 2215 2842 ΕΒΓ
2242 2789 2262 2860 ΙΙ

241 2865 302 2914 16
341 2859 519 2914 couod
554 2861 628 2911 ΠΙ
655 2864 675 2931 ΙΙ
701 2866 761 2912 18
801 2876 956 2928 spem
992 2861 1087 2915 rel.
1127 2866 1267 2912 ΕΗ
1294 2863 1314 2930 fl
1340 2865 1402 2912 19
1439 2859 1709 2928 quidnam
1752 2860 1950 2928 scripsi
1985 2858 2183 2927 quidni
2221 2864 2259 2911 0

242 2930 379 2998 quid
425 2929 565 2984 mihi
613 2931 945 3000 Schultess,1
1004 2930 1201 2999 quidni
1246 2930 1299 2983 h.
1350 2930 1512 3003 (sit)
1559 2930 1838 3000 sapientia
1889 2930 2051 2985 Gertz
2105 2948 2156 2997 q.
2205 2930 2243 2982 h

242 3002 627 3075 (damnatur)
665 3020 737 3057 sc.
776 3002 1009 3057 Skutsch
1042 3004 1062 3072 ΙΙ
1096 3008 1165 3055 20
1203 2999 1461 3055 dedicere
1498 3000 1631 3070 (did.
1671 3005 1738 3071 R)
1773 3007 1874 3053 NB
1925 3000 2138 3055 discere
2176 3006 2214 3053 0
2241 3000 2262 3072 ΙΙ

242 3078 304 3125 21
330 3073 513 3126 mutui
544 3073 740 3126 auxilii
768 3074 849 3128 vel
873 3075 1131 3126 mutuum
1159 3071 1431 3125 auxilium
1458 3072 1589 3141 Lpa
1625 3073 1633 3145 Ι
1665 3071 1951 3126 concludit
1977 3079 2017 3124 1.
2045 3069 2262 3126 claudit

241 3148 282 3195 Ρ
309 3148 421 3214 1123
462 3144 847 3199 communibus
875 3148 1015 3197 ΕΒΓ
1046 3147 1054 3213 1
1086 3142 1250 3197 bonis
1280 3148 1319 3195 0
1357 3161 1382 3196 s
1420 3160 1537 3211 exp.
1575 3160 1643 3196 m.
1674 3150 1706 3195 1
1745 3145 1807 3196 in
1832 3147 1880 3193 H
1913 3145 1921 3212 Ι
1951 3146 2017 3196 ut
2055 3140 2143 3195 cui
2179 3148 2213 3195 ς
2243 3142 2262 3213 ΙΙ

243 3220 313 3267 24
348 3214 498 3268 uisui
534 3220 575 3268 P
615 3218 624 3286 Ι
665 3218 722 3270 et
763 3216 924 3270 Gertz
958 3217 1023 3267 ut
1058 3219 1210 3267 KRP
1259 3217 1359 3267 aut
1393 3220 1484 3266 ΕΙ,
1517 3215 1524 3283 Ι
1567 3212 1775 3266 auxilio
1813 3229 1929 3278 esse
1965 3220 2006 3265 P
2037 3214 2045 3282 Ι
2076 3213 2261 3265 tatum

242 3290 291 3338 Ε
335 3289 355 3355 11
398 3292 467 3339 2⁵
516 3285 1005 3355 singularibusque
1041 3291 1080 3337 1.
1126 3288 1145 3355 ΙΙ
1188 3291 1259 3339 26
1304 3283 1598 3339 tristitiam
1645 3283 1836 3353 (·ciam
1870 3287 1930 3353 P)
1969 3289 2007 3336 0
2053 3298 2186 3339 corr.
2227 3300 2260 3341 ς
