2610 3920
669 225 765 278 DE
802 223 1203 281 BENEFIOIIS
1239 225 1374 281 LIB.
1413 225 1478 280 V.
1518 225 1670 281 CAP.
1712 232 1778 281 16
2109 227 2238 292 139

213 369 442 454 procul
486 368 695 453 bellis,
743 371 918 434 omni
962 374 1209 435 terrore
1255 393 1617 456 conpresso,
1662 371 1835 436 intra
1871 395 2091 437 muros
2130 373 2214 438 ob

215 481 430 524 sessus
475 458 724 543 aquilas
772 481 921 523 suas
966 459 1243 525 horreat.

390 545 695 633 Ingratus
733 551 832 612 est
869 545 1266 633 Coriolanus,
1314 570 1454 614 sero
1494 553 1559 613 et
1604 553 1754 633 post
1799 548 2055 614 sceleris
2091 572 2236 634 pae-
2266 568 2293 616 1
2320 562 2451 617 XVI

211 636 556 701 nitentiam
609 635 782 720 pius:
837 637 1055 720 posuit
1111 659 1314 723 arma,
1372 637 1481 702 sed
1524 639 1593 702 in
1638 638 1845 703 medio
1893 638 2235 722 parricidio

153 751 185 792 5
213 724 447 808 posuit.
539 724 844 812 Ingratus
900 723 1203 790 Catilina:
1263 749 1492 811 pamm
1546 731 1644 791 est
1700 727 1800 791 illi
1853 748 2077 810 capere
2129 750 2237 812 pa-

215 815 426 897 triam,
469 814 598 878 nisi
633 814 919 897 verterit,
963 815 1088 879 nisi
1124 814 1575 902 Allobrogum·
1603 815 1673 880 in
1717 815 1897 880 illam
1940 816 2237 881 cohortes

211 902 532 967 inmiserit
587 907 650 967 et
707 907 884 968 trans
939 901 1140 987 Alpes
1195 905 1437 969 accitus
1490 903 1700 969 hostis
1755 909 1974 970 vetera
2026 910 2090 969 et
2144 906 2239 968 in-

211 992 432 1076 genita
488 991 633 1056 odia
690 992 1022 1056 satiaverit
1077 1014 1151 1056 ac
1206 993 1317 1057 diu
1362 993 1613 1058 debitas
1658 993 1921 1058 inferias
1970 992 2235 1058 Gallicis

210 1081 424 1145 bustis
472 1080 661 1145 duces
707 1079 1033 1145 Romanos
1078 1081 1476 1166 persolverit.
1550 1081 1853 1167 Ingratus
1892 1081 1961 1148 O.
1989 1081 2235 1146 Marius
2270 1101 2303 1148 2

121 1197 184 1236 10
213 1170 294 1233 ad
339 1169 711 1234 consulatus
760 1192 796 1234 a
847 1170 1052 1255 caliga
1107 1171 1477 1255 perductus,
1533 1171 1672 1255 qui,
1724 1171 1853 1234 nisi
1899 1169 2237 1236 Cimbricis

212 1257 514 1322 caedibus
561 1257 850 1323 Romana
901 1258 1130 1323 funera
1175 1260 1569 1344 aequaverit,
1626 1259 1752 1323 nisi
1798 1259 2005 1324 civilis
2052 1260 2235 1324 exitii

210 1350 276 1410 et
331 1347 776 1411 trucidationis
830 1369 963 1411 non
1009 1352 1265 1412 tantum
1313 1348 1558 1413 dederit
1603 1349 1887 1434 signum,
1942 1349 2054 1412 sed
2096 1349 2235 1432 ipse

213 1435 473 1520 signum
526 1435 749 1519 fuerit,
806 1459 1034 1520 parum
1079 1441 1396 1501 mutatam
1442 1459 1515 1500 ac
1558 1437 1909 1521 repositam
1953 1438 2025 1501 in
2067 1438 2235 1521 prio-

210 1545 346 1588 rem
390 1524 604 1588 locum
648 1524 976 1589 fortunam
1023 1547 1205 1589 suam
1251 1527 1500 1590 sentiet.
1583 1525 1886 1611 Ingratus
1924 1525 1993 1590 L.
2034 1523 2229 1611 Sulla,
2267 1543 2299 1591 3

117 1639 179 1681 15
210 1612 322 1698 qui
367 1613 646 1696 patriam
692 1612 1060 1678 durioribus
1104 1615 1419 1701 remediis,
1466 1637 1659 1698 quam
1705 1614 1987 1698 pericula
2031 1619 2233 1699 erant,

207 1702 476 1787 sanavit,
515 1702 642 1787 qui,
681 1723 826 1766 cum
865 1725 902 1766 a
937 1701 1353 1768 Praenestina
1390 1725 1532 1768 arce
1567 1725 1773 1787 usque
1809 1704 1888 1767 ad
1916 1701 2232 1768 Collinam

207 1795 464 1875 portam
502 1813 615 1875 per
645 1791 1025 1877 sanguinem
1059 1791 1413 1856 humanum
1448 1792 1833 1876 incessisset,
1870 1792 1997 1856 alia
2032 1791 2231 1856 edidit

207 1881 278 1942 in
321 1879 480 1944 urbe
524 1879 788 1968 proelia,
835 1880 994 1944 alias
1041 1880 1289 1949 caedes:
1334 1881 1621 1967 legiones
1668 1881 1841 1966 duas,
1890 1881 2062 1966 quod
2096 1902 2233 1944 cru-

208 1968 346 2032 dele
405 1973 529 2053 est,
592 1974 740 2053 post
795 1969 1158 2055 victoriam,
1213 1971 1387 2053 quod
1440 1971 1647 2054 nefas,
1711 1974 1860 2054 post
1915 1971 2101 2035 fidem
2162 1972 2233 2035 in

117 2085 180 2125 20
208 2056 447 2141 angulo
494 2063 832 2143 congestas
878 2058 1347 2123 contrucidavit
1394 2064 1459 2123 et
1503 2059 2041 2143 proscriptionem
2086 2080 2230 2124 con-

207 2149 466 2210 mentus
521 2150 643 2232 est,
697 2147 764 2211 di
818 2147 1065 2231 magni,
1111 2150 1212 2232 ut,
1259 2149 1372 2231 qui
1417 2148 1619 2213 civem
1663 2146 2028 2212 Romanum
2074 2149 2234 2212 occi-

209 2234 436 2317 disset,
507 2235 962 2321 inpunitatem,
1026 2236 1390 2319 pecuniam,
1452 2241 1708 2301 tantum
1768 2258 1901 2300 non
1965 2236 2229 2301 civicam

207 2322 547 2407 acciperet!
618 2322 920 2409 Ingratus
958 2323 1071 2390 Gn.
1108 2324 1472 2411 Pompeius,
1518 2325 1629 2409 qui
1673 2347 1789 2408 pro
1837 2324 2047 2389 tribus
2085 2347 2231 2390 con·
2264 2343 2300 2390 4

209 2411 558 2497 sulatibus,
619 2434 736 2496 pro
801 2413 1150 2497 triumphis
1214 2414 1455 2500 tribus,
1518 2435 1637 2498 pro
1692 2417 1795 2478 tot
1852 2413 2229 2498 honoribus,

116 2527 178 2569 25
209 2522 371 2584 quos
417 2522 496 2565 ex
539 2502 819 2566 maxima
863 2506 1046 2585 parte
1093 2502 1454 2566 inmaturus
1502 2503 1843 2585 invaserat,
1888 2502 2052 2566 hanc
2088 2522 2228 2586 gra-

206 2590 368 2653 tiam
429 2589 525 2653 rei
587 2589 879 2673 publicae
943 2590 1244 2673 reddidit,
1309 2596 1383 2655 ut
1440 2592 1511 2655 in
1563 2591 2032 2675 possessionem
2090 2590 2227 2654 eius

205 2677 369 2742 alios
409 2699 664 2761 quoque
700 2677 1023 2744 induceret
1063 2680 1247 2763 quasi
1283 2680 1611 2763 potentiae
1645 2701 1795 2744 suae
1823 2679 2227 2743 detracturus

203 2766 533 2852 invidiam,
563 2767 638 2852 si,
666 2767 838 2850 quod
864 2767 1027 2831 nulli
1054 2768 1244 2832 licere
1272 2768 1565 2854 debebat,
1592 2768 1885 2852 pluribus
1914 2768 2225 2853 licuisset3

202 2856 359 2919 dum
389 2855 896 2919 extraordinaria
923 2857 1318 2940 concupiscit
1355 2857 1642 2942 imperia,
1669 2856 1821 2920 dum
1847 2856 2227 2944 provinciaS,

381 3143 408 3190 1
446 3135 625 3191 omnis
661 3137 736 3189 Ν*
780 3138 800 3205 ΙΙ
843 3142 878 3190 4
913 3135 1068 3207 prius
1106 3135 1297 3206 posuit
1333 3142 1373 3189 P
1426 3139 1445 3205 11
1500 3142 1535 3190 6
1570 3138 1816 3191 uerteret
1849 3142 1897 3189 R
1948 3139 2226 3193 euerteret

201 3207 381 3261 11¹3?
418 3207 686 3263 euerterit
714 3214 757 3260 G
800 3210 820 3278 ΙΙ
865 3215 896 3261 ’1
935 3206 1214 3262 inmiseris
1251 3210 1310 3262 et
1344 3209 1461 3261 tras
1488 3208 1563 3260 11¹
1602 3210 1610 3277 Ι
1652 3207 1865 3263 accitus
1902 3207 1972 3278 (it
1996 3210 2060 3262 in
2094 3227 2225 3283 ros„

203 3298 270 3333 us
307 3297 374 3334 ex
409 3278 508 3349 sis)
545 3279 804 3334 hostibus
843 3283 887 3331 G
929 3282 948 3349 ΙΙ
993 3286 1027 3333 9
1063 3278 1170 3332 bus
1206 3277 1304 3347 (tis
1341 3280 1431 3346 ss.)
1469 3284 1515 3331 B
1546 3282 1554 3349 1
1595 3295 1852 3333 romanos
1889 3279 2227 3349 persoluerit

202 3355 253 3401 1!
297 3350 417 3405 -ani
450 3349 825 3420 persoluerint
859 3350 983 3404 11²0
1034 3352 1042 3421 Ι
1093 3354 1145 3422 ξ.
1185 3355 1284 3402 Ro
1322 3348 1386 3404 G.
1425 3355 1465 3402 P
1518 3352 1537 3419 ss
1590 3355 1653 3403 10
1690 3350 2041 3405 consulatum
2079 3355 2170 3405 GP
2204 3350 2225 3423 Η

206 3425 262 3472 11
294 3422 550 3475 Romana
587 3422 725 3477 Μή.
774 3420 964 3476 omnia
1001 3427 1040 3475 0
1099 3425 1108 3493 Ι
1167 3419 1327 3474 exilii
1360 3426 1451 3473 GP
1504 3422 1525 3490 fl
1576 3426 1638 3473 18
1683 3420 1893 3491 partim
1937 3421 2115 3475 multa
2161 3424 2225 3474 ta

204 3508 308 3545 om.
347 3497 390 3543 G
433 3492 564 3547 add.
609 3510 678 3548 m.
717 3498 749 3547 1
783 3496 792 3562 Ι
823 3492 1126 3547 multatam
1163 3497 1201 3545 0
1247 3508 1386 3547 corr.
1424 3512 1468 3545 ω
1521 3494 1541 3561 ΙΙ
1592 3498 1663 3545 20
1710 3492 1980 3562 angulum
2024 3492 2170 3545 Rech
2202 3490 2225 3561 Η

203 3584 276 3633 23
307 3579 558 3650 accipere
583 3583 658 3633 11¹
689 3586 697 3650 Ι
729 3586 820 3652 gfi.
851 3585 951 3633 BG
987 3580 1050 3635 G.
1069 3567 1183 3635 ff?
1209 3583 1228 3650 1}
1255 3586 1323 3633 25
1353 3581 1661 3635 inmaturos
1680 3582 1753 3634 11¹
1778 3584 1797 3650 ΙΙ
1826 3586 1895 3633 26
1920 3576 2120 3633 reddid
2147 3576 2223 3627 Ν*
