2610 3920
376 213 477 265 XX
1187 209 1600 264 PRAEFATIO

375 381 563 438 usque
623 363 697 420 ad
756 363 1063 421 saeculum
1112 361 1263 420 VIII
1316 380 1684 436 revocamur,
1738 361 2098 421 auctoritate
2144 361 2418 422 corrobo-

372 455 589 510 rantur
634 453 817 526 atque
867 470 904 510 a
953 450 1297 510 criticorum
1345 469 1595 510 censura
1638 450 2035 510 vindicantur.
2109 450 2239 511 Illis
2274 470 2416 511 vero

375 541 543 614 locis,
588 540 694 598 ubi
733 540 1055 599 Nazariani
1104 539 1243 599 fidei
1288 540 1353 598 hi
1397 558 1566 598 suam
1605 559 1839 616 quoque
1879 539 2248 619 substruunt,
2292 540 2416 598 iam

376 630 616 689 saeculo
678 629 801 687 fere
865 629 1079 705 quinto
1126 629 1224 688 vel
1285 631 1501 704 quarto
1560 629 1643 688 sic
1698 629 1761 687 in
1807 629 2134 705 archetypo
2194 629 2416 690 lectum

375 719 561 777 fuisse
605 737 715 794 pro
766 719 1075 793 explorato
1123 736 1343 793 ponere
1389 718 1547 777 licet.

556 806 723 867 Haec
786 807 913 865 fere
982 810 1152 881 sunt,
1218 826 1371 882 quae
1436 808 1508 865 de
1572 807 1872 866 codicibus
1937 806 2186 866 dicenda
2249 811 2416 883 sunt3

374 896 663 973 pauciora
692 895 877 955 etiam
897 896 1099 970 verba,
1130 915 1312 972 quam
1338 897 1632 956 rationem
1659 896 1724 954 in
1749 896 1863 955 hac
1891 895 2150 955 editione
2180 899 2418 969 secutus

376 985 507 1060 sim,
564 1003 712 1062 opus
760 988 859 1044 est.
899 986 1135 1044 faciam.
1226 985 1631 1044 Nazarianum
1675 985 2130 1043 fundamentum
2175 1004 2300 1046 esse
2343 989 2418 1044 ut

377 1073 730 1134 Gertzianae
798 1075 881 1133 sic
940 1074 1117 1132 huius
1177 1093 1351 1132 nemo
1413 1074 1555 1150 erit,
1604 1074 1708 1150 qui
1753 1075 2028 1149 miretur-3
2088 1073 2192 1132 ubi
2249 1074 2414 1134 illius

371 1164 551 1224 lectio
607 1182 714 1222 nec
762 1163 1045 1240 explicari
1090 1182 1199 1222 nec
1246 1163 1514 1222 excusari
1558 1163 1788 1239 potuit,
1846 1163 2136 1221 auxilium
2180 1163 2326 1238 petii
2376 1182 2413 1222 a

370 1253 620 1329 reliquis
676 1252 872 1325 libris;
935 1251 1040 1310 ubi
1102 1252 1163 1310 hi
1223 1271 1460 1328 quoque
1517 1271 1694 1312 sensu
1756 1252 1969 1310 idoneo
2035 1255 2242 1315 carent
2306 1255 2414 1311 aut

374 1360 558 1416 opera
603 1341 835 1400 falsarii
875 1341 1033 1400 clare
1081 1344 1353 1416 apparet,
1396 1343 1632 1400 textum
1675 1344 1748 1399 ut
1783 1360 1894 1416 par
1932 1344 2024 1400 est
2060 1341 2414 1403 coniecturis

379 1431 695 1490 restituere
757 1432 1007 1489 conatus
1067 1448 1199 1488 sum
1245 1433 1355 1490 aut
1398 1449 1530 1489 meo
1577 1431 1772 1488 Marte
1821 1432 1928 1488 aut
1973 1430 2228 1490 aliorum
2271 1448 2414 1489 usus

374 1519 651 1579 inventis
746 1519 1012 1588 Quorum
1059 1518 1218 1594 quod
1277 1520 1521 1578 nomina
1586 1521 1926 1595 scriptaque
1973 1521 2214 1594 praeter
2259 1519 2415 1581 anti-

374 1609 585 1684 quiora
622 1610 685 1666 et
727 1608 987 1667 editores
1021 1608 1120 1666 hic
1162 1608 1415 1667 collecta
1451 1627 1801 1685 proponam,
1839 1608 2146 1667 commodo
2186 1626 2413 1681 eorum,

376 1698 484 1773 qui
522 1697 779 1755 Senecae
818 1696 1096 1771 operibus
1131 1697 1227 1756 his
1263 1697 1530 1775 legendis
1567 1697 2012 1772 tractandisque
2045 1699 2282 1772 vacant,
2316 1715 2414 1754 me

367 1786 655 1845 inservire
704 1785 990 1845 arbitror:

369 1875 521 1933 Aem
531 1873 946 1933 Badstuebner
960 1873 1343 1935 Coniectamea
1351 1871 1694 1934 Annaeana
1711 1877 1776 1933 in
1794 1873 2143 1934 Genethbiac.
2160 1872 2412 1948 Gottiny.

510 1964 683 2023 Halis
727 1966 896 2024 1888
945 1984 1001 2039 p.
1043 1966 1127 2024 80

374 2053 529 2112 Aem
540 2054 845 2112 Baehrens
890 2053 1192 2113 Lectiones
1239 2056 1460 2113 latinae
1503 2055 1749 2113 Bonnae
1801 2056 1974 2113 1870

374 2174 459 2183 —
505 2142 569 2199 in
617 2145 1022 2202 commentario
1065 2141 1397 2202 Catulliano
1442 2164 1501 2218 p.
1544 2146 1622 2202 27
1675 2145 1736 2202 et
1776 2144 1904 2203 510
1949 2142 2190 2218 Lipsiae
2237 2143 2411 2202 1885

374 2223 600 2312 —(in
658 2232 1017 2289 recensenda
1073 2229 1298 2289 Gertzii
1363 2224 1651 2313 editione)
1697 2233 1752 2291 J
1749 2250 1924 2291 enaer
1978 2232 2117 2291 Litt.
2166 2231 2310 2291 Zeit.
2372 2235 2411 2290 4

370 2406 429 2466 H
445 2311 837 2467 Bfuemngr
822 2408 919 2521 Za
962 2408 1179 2469 Seneca
1241 2410 1305 2467 in
1367 2410 1824 2482 Wissenschaftl.
1871 2409 2324 2469 Monatsbldtter
2373 2410 2412 2466 6

370 2586 409 2645 J
428 2586 467 2645 J
479 2584 856 2646 Cornelissen
904 2586 1287 2647 Coniectanea
1334 2589 1522 2648 latina
1566 2587 1930 2647 Daventriae
1980 2587 2152 2646 1870

372 2676 431 2733 H
443 2676 652 2735 Deiter
661 2672 1237 2736 DerAmsterdamcr
1258 2675 1451 2736 Codex
1463 2679 1544 2735 80
1561 2676 1842 2736 inPhilol.
1856 2678 1933 2734 51
1955 2670 2018 2758 (1
2031 2669 2191 2757 892)
2209 2695 2265 2750 p.
2279 2675 2363 2735 36
2375 2678 2410 2733 1

370 2764 631 2824 Dorison
660 2765 816 2839 Quid
842 2766 914 2824 de
941 2767 1241 2825 clementia
1266 2768 1513 2825 senserit
1527 2765 1603 2825 L.
1623 2762 1701 2823 A.-
1719 2764 1938 2825 Seneca
1966 2762 2213 2823 Cadomi
2237 2764 2413 2823 1892

373 2852 413 2909 J
423 2852 755 2911 Feldmann
786 2852 1227 2913 Observationes
1256 2856 1337 2914 ad
1361 2853 1640 2914 Senecam
1667 2856 1900 2914 criticae
1928 2851 2202 2913 Ostrowo
2236 2853 2412 2912 1887

371 2940 744 3002 HNFowler
792 2942 912 3002 The
955 2961 1187 3003 sowrces
1231 2944 1302 3016 of
1336 2942 1468 3003 Sen.
1516 2945 1588 3003 de
1642 2945 1762 3003 ben.
1809 2944 1874 3001 in
1918 2943 2303 3015 Proceedinys
2348 2944 2426 3015 of

512 3031 603 3089 the
644 3027 966 3090 American
1008 3033 1157 3093 Phil.
1204 3029 1576 3092 Assoeiation
1625 3034 1794 3093 1886
1842 3053 1899 3109 p.
1939 3032 2024 3090 IX

376 3118 456 3176 W
467 3117 703 3179 Gemoll
722 3120 875 3180 Krit.
888 3120 1336 3197 Bemerknnyen
1351 3139 1426 3182 zu
1446 3123 1542 3182 lat.
1563 3120 2013 3195 Schriftstellern
2029 3120 2418 3197 Liegnitz'90

375 3208 431 3266 A
445 3206 670 3268 Gercke
698 3208 1190 3270 Senecastudien
1172 3230 1234 3269 1n
1254 3210 1537 3270 Fleckeis.
1559 3212 1760 3271 annal.
1789 3211 1979 3285 suppl.
2003 3211 2084 3268 22
2108 3199 2345 3290 (1895)
2376 3213 2414 3267 1

373 3298 435 3355 M
450 3296 493 3355 O
508 3296 685 3357 Gertz
734 3290 998 3380 (praeter
1044 3292 1396 3381 editionem)
1442 3300 1603 3360 Berl.
1631 3301 1833 3375 philol.
1886 3298 2284 3359 Wochenschr.
2321 3296 2422 3356 IX

508 3379 745 3470 (1889)
790 3407 846 3463 p.
892 3390 1051 3464 3723
1098 3390 1226 3449 408

379 3476 542 3536 Feod
553 3474 884 3537 Gloeckner
930 3478 1305 3552 Quae-stiones
1349 3476 1719 3539 Annaeanae
1762 3478 1937 3537 Halis
1989 3478 2157 3537 1877

382 3598 466 3607 -—
514 3566 609 3625 Zu
645 3566 914 3625 Seneca
897 3587 961 3624 1n
989 3567 1153 3626 Mus.
1182 3568 1368 3627 Rhen.
1400 3570 1480 3627 35
1514 3560 1750 3650 (1880)
1777 3589 1835 3644 p.
1867 3567 1994 3626 484
