2610 3920
724 0 819 8 --
864 0 1275 9 v———-----
1309 0 1441 9 ——.
1479 0 1519 8 --
1567 0 1711 9 v----
1754 0 1814 8 -v
2147 0 2272 17 “730

263 122 455 186 quem
507 99 748 164 malum
803 120 941 163 esse
993 98 1254 163 docuit?
1325 120 1457 163 non
1509 98 1620 164 diu
1671 97 1962 182 nequitia
2015 99 2277 181 adparet

261 211 405 274 nec,
462 192 772 272 quantum
825 187 1112 272 iubetur,
1166 191 1402 272 peccat.
1495 187 1618 252 Sed
1672 191 1830 271 puta
1877 209 2015 252 esse
2070 189 2279 251 tutam
2315 206 2347 254 2

262 276 724 361 crudelitatem,
769 276 956 360 quale
1003 277 1141 341 eius
1186 297 1460 362 regnum
1504 276 1646 340 est‘?
1689 297 1825 341 non
1868 274 2043 340 aliud
2087 297 2280 360 quam

263 370 597 451 captarum
667 365 924 429 urbium
994 365 1203 429 forma
1266 367 1330 428 et
1394 364 1715 429 terribiles
1781 364 1978 429 facies
2040 364 2282 448 publici

210 482 238 522 5
260 459 488 520 metus.
590 453 821 518 Omnia
882 457 1156 539 maesta,
1216 452 1492 538 trepida,
1557 453 1850 537 confusa3
1912 452 2281 537 voluptates

262 545 442 628 ipsae
487 543 825 627 timentur3
868 563 1002 606 non
1045 542 1337 606 convivia
1383 542 1586 606 securi
1631 542 1884 626 ineunt,
1930 543 2001 606 in
2046 541 2280 625 quibus

262 633 488 718 lingua
526 631 798 696 sollicite
836 631 1030 695 etiam
1066 629 1263 694 ebriis
1295 630 1706 695 custodienda
1735 633 1849 715 est,
1875 652 2007 694 non
2044 636 2282 713 specta-

264 721 426 808 cula,
473 742 549 784 ex
597 720 830 804 quibus
876 719 1146 784 materia
1191 719 1474 783 criminis
1523 739 1595 783 ac
1631 718 1898 802 periculi
1937 719 2281 802 quaeritur.

263 809 677 893 Adparentur
729 807 881 873 licet
933 828 1166 892 magna
1228 808 1496 890 inpensa
1549 811 1614 871 et
1676 807 1874 891 regiis
1930 806 2160 891 opibus
2217 811 2283 870 et

184 925 242 964 ιο
269 898 589 962 artificum
645 897 982 979 exquisitis
1034 895 1433 978 nominibus,
1497 918 1687 978 quem
1744 899 1958 959 tamen
2017 896 2154 959 ludi
2213 895 2284 958 in

269 1006 514 1051 carcere
558 985 824 1050 iuvent?
906 984 1089 1061 Quod
1133 984 1326 1068 istud,
1373 984 1436 1048 di
1480 984 1656 1069 boni,
1697 983 1937 1048 malum
1983 986 2080 1048 est
2127 984 2283 1048 occi·
2320 1003 2352 1051 3

270 1076 435 1160 dere,
474 1074 735 1159 saevire,
771 1073 1071 1138 delectari
1105 1094 1261 1137 sono
1301 1077 1670 1137 catenarum
1708 1077 1772 1138 et
1811 1073 2042 1138 civium
2075 1073 2286 1156 capita

269 1164 583 1248 decidere,
647 1183 1047 1247 quocumque
1100 1165 1366 1225 ventum
1429 1166 1552 1246 est,
1615 1162 1892 1226 multum
1953 1161 2284 1246 sanguinis

267 1253 561 1334 fundere,
616 1252 918 1335 adspectu
974 1270 1090 1315 suo
1144 1253 1384 1314 terrere
1439 1271 1512 1314 ac
1565 1249 1834 1334 fugare?
1933 1249 2106 1326 Quae
2159 1249 2285 1314 alia

192 1369 243 1409 15
271 1341 408 1406 vita
454 1344 651 1427 esset,
696 1340 753 1403 si
795 1340 1013 1403 leones
1058 1339 1321 1421 ursique
1366 1344 1732 1424 regnarent,
1780 1339 1835 1402 si
1881 1338 2283 1422 serpentibus

268 1430 338 1494 in
372 1449 495 1493 nos
533 1451 605 1493 ac
629 1427 1082 1492 noxiosissimo
1113 1427 1342 1511 cuique
1368 1427 1629 1490 animali
1666 1428 1922 1491 daretur
1953 1427 2284 1510 potestas?

266 1517 391 1582 Illa
445 1517 715 1581 rationis
773 1516 1059 1601 expertia
1114 1517 1179 1580 et
1234 1537 1272 1579 a
1324 1515 1515 1580 nobis
1569 1515 1965 1580 inmanitatis
2021 1515 2284 1579 crimine
2321 1535 2354 1581 4

268 1607 571 1687 damnata
631 1605 957 1669 abstinent
1002 1603 1161 1689 suis,
1214 1609 1278 1668 et
1323 1607 1468 1668 tuta
1513 1608 1611 1668 est
1656 1605 1850 1668 etiam
1902 1604 2072 1668 inter
2114 1604 2283 1668 feras

272 1693 653 1758 similitudo:
696 1693 929 1758 horum
972 1715 1053 1756 ne
1100 1715 1137 1756 a
1179 1692 1554 1756 necessariis
1599 1692 1856 1777 quidem
1904 1692 2030 1756 sibi
2073 1692 2284 1756 rabies

186 1811 239 1850 20
268 1786 601 1865 temperat,
630 1783 738 1847 sed
766 1785 1029 1847 externa
1056 1803 1296 1865 suaque
1324 1781 1394 1844 in
1423 1801 1624 1865 aequo
1652 1781 1867 1865 habet,
1888 1803 2014 1865 quo
2042 1781 2188 1865 plus
2219 1803 2285 1844 se

266 1871 592 1950 exercitat,
638 1892 703 1936 eo
747 1870 1082 1935 incitatior.
1163 1868 1226 1932 A
1272 1869 1672 1954 singulorum
1720 1869 1942 1934 deinde
1987 1869 2285 1934 caedibus

265 1963 335 2026 in
365 1959 563 2025 exitia
598 1959 887 2046 gentium
927 1958 1129 2043 serpit
1159 1962 1223 2023 et
1249 1958 1485 2022 inicere
1512 1958 1701 2023 tectis
1730 1959 1965 2045 ignem,
2002 1963 2286 2025 aratrum

265 2050 541 2114 vetustis
595 2048 864 2113 urbibus
919 2048 1217 2112 inducere
1278 2047 1636 2130 potentiam
1689 2051 1904 2133 putat3
1969 2052 2032 2111 et
2086 2070 2287 2112 unum

269 2138 470 2204 occidi
514 2137 735 2201 iubere
781 2140 893 2201 aut
939 2136 1212 2200 alterum
1257 2158 1486 2219 parum
1530 2136 2015 2221 imperatorium
2061 2136 2287 2220 credit3

191 2253 241 2293 25
265 2228 394 2291 nisi
451 2226 671 2290 eodem
724 2229 1013 2309 tempore
1074 2244 1230 2309 grex
1284 2224 1666 2288 miserorum
1721 2225 1841 2288 sub
1895 2225 2031 2288 ictu
2087 2224 2287 2309 stetit,

268 2314 713 2380 crudelitatem
751 2336 931 2378 suam
966 2314 1036 2377 in
1072 2312 1359 2377 ordinem
1397 2316 1679 2377 coactam
1716 2316 1919 2397 putat.
1989 2311 2286 2377 Felicitas
2325 2330 2355 2377 5

446 2529 473 2575 1
519 2525 814 2593 appareret
859 2525 1004 2592 (app.
1053 2538 1178 2589 neq.
1227 2523 1337 2591 LP)
1383 2527 1421 2574 0
1459 2538 1593 2576 corr.
1633 2542 1674 2575 ω
1713 2524 1774 2591 (r
1801 2520 1850 2591 .2)
1895 2524 2058 2590 paret
2095 2522 2231 2577 Μή.
2268 2522 2288 2595 Η

268 2602 302 2649 2
332 2611 502 2663 quam
528 2598 623 2648 tur
651 2597 695 2664 (t
721 2611 789 2649 eoe
814 2611 853 2646 n
870 2598 937 2663 N)
957 2598 1060 2646 lm
1092 2594 1100 2664 Ι
1131 2592 1358 2647 iubetur
1377 2592 1514 2646 Mrt.
1543 2590 1769 2646 uidetur
1789 2598 1826 2645 0
1855 2594 1874 2662 ΙΙ
1901 2596 1932 2645 8
1955 2592 2288 2646 crudelitam

268 2671 370 2719 lm
402 2668 410 2735 Ι
443 2662 612 2733 quale
648 2664 767 2720 eius
804 2684 846 2718 ω
894 2680 1067 2732 quare
1104 2663 1190 2717 ius
1226 2667 1331 2715 NR
1376 2678 1547 2730 quare
1584 2662 1671 2716 his
1711 2662 1800 2732 (iis
1837 2666 1897 2733 1.)
1936 2668 1974 2715 0
2002 2664 2020 2744 [1
2056 2670 2090 2717 4
2127 2664 2286 2719 terri-

268 2736 402 2791 bilis
439 2737 507 2788 1²¹
542 2739 561 2807 ΙΙ
597 2742 630 2790 6
667 2736 898 2790 timetur
932 2735 1006 2787 ΠΙ
1042 2738 1059 2803 ΙΙ
1096 2742 1127 2787 ’1
1168 2733 1561 2787 constituenda
1591 2740 1631 2785 Ρ
1659 2736 1677 2803 n
1715 2740 1745 2786 8
1782 2733 2046 2803 pericuhs
2083 2738 2130 2805 (s
2167 2752 2286 2804 exp.

267 2812 335 2878 N)
372 2812 476 2860 ER
502 2810 520 2877 ΙΙ
547 2810 609 2861 10
645 2807 837 2860 ludere
874 2805 933 2859 in
971 2811 1111 2858 rm’
1138 2808 1157 2874 ΙΙ
1184 2810 1238 2858 11
1274 2804 1474 2858 iubent
1502 2810 1539 2857 0
1576 2820 1712 2860 corr.
1741 2804 1815 2858 3²
1841 2807 1859 2874 ΙΙ
1886 2810 1946 2857 13
1985 2806 2288 2873 quodcum-

268 2894 377 2947 que
412 2879 595 2959 11114
634 2879 861 2947 aspecto
898 2882 945 2929 N
970 2878 990 2946 ΙΙ
1016 2882 1076 2929 1⁶
1117 2876 1202 2930 uit
1240 2879 1294 2945 (a
1330 2878 1421 2945 83.)
1456 2880 1504 2926 H
1537 2878 1558 2945 ΙΙ
1592 2882 1651 2930 17
1692 2891 1811 2945 exp.
1849 2881 1951 2929 ER
1997 2875 2290 2946 inexperta

270 2956 307 3003 0
334 2952 355 3019 ΙΙ
382 2955 443 3001 18
481 2952 630 3003 mter
665 2948 814 3003 feras
852 2964 950 3003 om.
990 2954 1031 3000 Ε
1058 2951 1165 3017 1119
1202 2947 1275 3000 ho
1313 2951 1456 3017 (rum
1491 2963 1559 3001 ss.
1589 2964 1656 3001 m.
1687 2949 1741 3015 1)
1773 2962 1848 3010 ne
1884 2952 1933 2999 n
1967 2964 2184 3001 morum
2216 2962 2288 3000 ne

172 3040 179 3047 ·
268 3026 313 3072 B
357 3037 589 3074 morum.
638 3019 805 3089 Apud
841 3017 1094 3072 homines
1132 3020 1324 3071 autem
1358 3033 1430 3070 ne
1469 3023 1507 3070 0
1566 3020 1574 3087 Ι
1635 3016 1743 3070 sibi
1773 3024 1901 3087 post
1935 3020 2104 3087 temp.
2142 3024 2233 3070 ΕΙ,
2268 3018 2288 3090 Η

268 3098 338 3145 20
377 3108 437 3145 se
474 3089 805 3163 exercitat‚<
810 3104 874 3143 eo
902 3087 1250 3161 incitat>ior.
1288 3089 1341 3141 A
1372 3088 1533 3143 Gertz
1570 3104 1629 3142 se
1665 3087 2027 3142 xercitatiora
2053 3094 2100 3141 N
2136 3104 2287 3141 exer-

270 3161 534 3217 citatiora
576 3167 614 3214 0
664 3160 792 3230 plus
840 3159 1041 3214 saeviit
1086 3175 1167 3214 ex.
1209 3159 1346 3215 ΒΜ.
1402 3162 1421 3227 ΙΙ
1474 3164 1543 3212 22
1591 3157 1797 3213 aesicia
1840 3164 1944 3211 NR
2003 3161 2010 3229 Ι
2069 3174 2287 3227 serpere

268 3240 408 3286 ΕΗ
435 3236 454 3302 ΙΙ
481 3238 552 3286 24
592 3233 713 3303 aut]
752 3232 825 3285 ad
856 3237 895 3283 Ι.
928 3233 935 3298 Ι
970 3230 1165 3285 credat
1190 3235 1292 3282 lm
1320 3233 1338 3299 ΙΙ
1365 3236 1433 3283 26
1473 3229 1574 3283 sub
1612 3229 1729 3283 ictu
1761 3230 1920 3284 Grut.
1959 3228 2214 3282 subiectu
2241 3235 2288 3281 Ν

270 3304 555 3358 subiectus
595 3308 632 3355 0
678 3305 696 3372 11
741 3309 811 3357 26
850 3301 1041 3357 ordine
1077 3305 1218 3352 Fu·
