2610 3920
717 189 815 242 DE
851 187 1251 243 BENEFIGHS
1287 188 1421 242 ΠΒ.
1459 188 1550 242 m.
1591 186 1742 243 CAP.
1783 194 1848 242 29
2214 189 2300 254 75
2391 171 2396 177 ’

274 334 616 410 Quaeritur
668 333 869 420 enim,
922 353 1005 396 an
1058 332 1402 417 aliquando
1455 332 1644 397 liberi
1696 333 1942 398 maiora
1986 333 2296 400 beneficia

275 424 425 488 dare
469 422 843 506 parentibus
891 422 1024 485 suis
1071 422 1344 507 possint,
1391 443 1582 505 quam
1628 423 2000 505 acceperint.

449 509 619 575 Illud
655 510 1021 575 conceditur
1058 510 1297 575 multos
1344 510 1516 574 filios
1553 510 1828 575 maiores
1873 512 2295 595 potentiores-
2332 527 2368 575 2

274 622 397 684 que
470 599 761 664 extitisse
834 621 1027 683 quam
1097 603 1394 683 parentes
1467 620 1642 684 suos;
1725 621 1925 684 aeque
1999 603 2064 665 et
2134 600 2301 665 illud

205 715 247 756 ·5
276 689 571 754 meliores
616 687 833 752 fuisse.
924 687 1108 763 Quod
1154 686 1211 751 si
1256 690 1535 770 constat,
1581 691 1796 771 potest
1840 689 2008 774 fieri,
2054 693 2128 753 ut
2172 711 2299 753 me-

275 777 438 842 liora
493 777 870 860 tribuerint,
935 798 1081 841 cum
1134 779 1200 840 et
1251 775 1515 840 fortuna
1568 776 1699 841 illis
1753 777 1960 842 maior
2013 782 2180 842 esset
2237 782 2301 843 et

274 867 502 930 melior
565 865 881 930 voluntas
985 864 1383 951 „Quidquid“
1443 865 1655 948 inquit
1717 869 1877 951 „est,
1951 866 2123 950 quod
2193 867 2302 932 det
2337 881 2372 929 3

273 955 442 1039 patri
488 955 689 1041 filius,
746 955 971 1038 utique
1014 953 1229 1018 minus
1276 958 1402 1040 est,
1450 953 1600 1038 quia
1641 953 1807 1019 hanc
1851 955 2060 1039 ipsam
2107 955 2299 1021 dandi

272 1044 645 1109 facultatem
680 1043 853 1127 patri
892 1043 1093 1106 debet.
1157 1041 1261 1106 Ita
1286 1065 1639 1127 numquam
1665 1043 1972 1108 beneficio
2002 1043 2300 1131 vincitur,

192 1158 245 1198 ιο
272 1133 455 1198 cuius
508 1132 883 1197 beneficium
931 1135 1028 1195 est
1071 1131 1314 1215 ipsum,
1370 1131 1542 1215 quod
1587 1132 1920 1196 vincitur.“
2007 1132 2299 1200 Primum

274 1221 584 1305 quaedam
629 1221 887 1285 initium
934 1220 1014 1284 ab
1062 1219 1207 1284 aliis
1253 1219 1522 1284 trahunt
1564 1224 1629 1284 et
1664 1224 1882 1286 tamen
1916 1221 2122 1286 initiis
2162 1223 2296 1286 suis

270 1309 516 1374 maiora
562 1313 737 1396 sunt,
792 1329 909 1373 nec
962 1309 1106 1373 ideo
1153 1308 1399 1392 aliquid
1441 1330 1576 1373 non
1619 1313 1717 1374 est
1761 1310 1969 1374 maius
2015 1332 2118 1396 eo,
2165 1333 2294 1394 quo

272 1398 509 1482 coepit,
565 1398 715 1482 quia
765 1420 899 1462 non
950 1398 1273 1482 potuisset
1326 1397 1398 1461 in
1451 1401 1705 1462 tantum
1749 1399 2114 1486 procedere,
2166 1400 2295 1464 nisi

271 1487 600 1570 coepisset.
690 1485 891 1552 Nulla
942 1508 1077 1551 non
1128 1508 1231 1550 res
1287 1487 1605 1570 principia
1651 1509 1766 1551 sua
1810 1508 2045 1572 magno
2091 1488 2294 1573 gradu
2331 1501 2370 1549 4

189 1600 241 1641 15
268 1575 520 1640 transit.
601 1573 858 1640 Semina
904 1576 1192 1640 omnium
1234 1597 1451 1640 rerum
1497 1597 1723 1640 causae
1771 1580 1922 1640 sunt
1969 1581 2033 1641 et
2076 1580 2298 1641 tamen

268 1665 569 1729 minimae
623 1668 839 1748 partes
897 1668 1049 1728 sunt
1104 1686 1351 1743 eorum,
1409 1686 1572 1748 quae
1625 1664 1922 1752 gignunt.
2012 1663 2295 1748 Adspice

265 1752 588 1839 Rhenum,
645 1753 898 1837 adspice
947 1752 1356 1839 Euphraten,
1411 1775 1630 1818 omnes
1688 1753 1959 1837 denique
2013 1753 2293 1818 inclutos

267 1864 511 1907 amnes:
552 1842 706 1927 quid
744 1846 913 1928 sunt,
952 1841 1008 1905 si
1044 1842 1194 1906 illos
1231 1842 1382 1927 illic,
1420 1841 1586 1906 unde
1621 1841 1912 1922 effluunt,
1950 1843 2247 1907 aestimes
2259 1843 2296 1908 P'

269 1930 578 2016 quidquid
624 1935 749 2015 est,
807 1953 935 2016 quo
981 1930 1310 2015 timentur,
1367 1952 1498 2015 quo
1544 1931 1977 2018 nominantur,
2030 1931 2100 1996 in
2147 1953 2292 2016 pro·

185 2045 239 2085 so
269 2042 448 2086 cessu
500 2024 906 2105 paraverunt.
996 2018 1276 2104 Adspice
1333 2021 1575 2104 trabeS,
1639 2021 1774 2084 sive
1836 2021 2289 2105 proceritatem
2328 2031 2363 2081 5

267 2110 592 2195 aestimeS,
665 2110 1041 2194 altissimaS,
1118 2109 1251 2173 sive
1323 2109 1812 2173 crassitudinem
1885 2110 2291 2195 spatiumque

266 2197 2296 2371 {fflffiffr¹3333¹¹¹33653⁸22fiu011ussssssffl'zffnssffiesszssr{fflffi

267 2374 568 2439 radicem:
604 2397 865 2441 nemora
899 2397 1032 2439 non
1071 2379 1356 2462 surgent,
1392 2397 1508 2440 nec
1542 2376 1709 2441 tanti
1737 2379 1991 2440 montes
2020 2377 2295 2441 vestien-

186 2486 239 2527 25
270 2466 392 2526 tur.
464 2461 837 2528 Innituntur
871 2464 1305 2529 fundamentis
1347 2464 1482 2529 suis
1518 2464 1760 2549 templa
1797 2465 2045 2529 excelsa
2085 2464 2290 2550 urbis3

270 2556 486 2616 tamen
499 2603 517 2637 ,
562 2573 725 2636 quae
768 2554 837 2617 in
881 2553 1356 2617 firmamentum
1398 2554 1603 2617 totius
1651 2553 1860 2638 operis
1906 2554 2073 2617 iacta
2118 2557 2288 2638 sunt,

266 2640 488 2704 latent.
580 2639 752 2704 Idem
808 2642 878 2705 in
932 2642 1157 2706 ceteris
1213 2642 1451 2707 evcnit:
1505 2641 1821 2726 principia
1874 2662 1990 2706 sua
2040 2663 2288 2725 semper
2324 2654 2360 2702 6

264 2750 539 2813 sequens
583 2730 959 2814 magnitudo
1006 2731 1251 2797 obruet.
1341 2730 1493 2796 Non
1539 2731 1895 2815 potuissem
1941 2731 2286 2815 quicquam

280 3018 285 3025 .
440 2980 472 3028 3
511 2974 847 3029 concedetur
881 2975 956 3027 11¹
1007 2977 1027 3045 ΙΙ
1079 2981 1115 3029 4
1150 2974 1278 3031 illos
1317 2982 1361 3029 G
1413 2979 1432 3046 ΙΙ
1485 2982 1516 3030 ’1
1557 2975 1656 3029 dat
1692 2996 1735 3029 ω
1788 2978 1807 3045 fl
1860 2981 1924 3030 10
1959 2993 2071 3045 quo
2109 2976 2229 3047 My.
2265 2976 2288 3049 ΙΙ

258 3051 323 3099 12
342 3045 460 3119 (a.)
482 3062 592 3115 quo
614 3046 771 3100 Pim.
793 3046 949 3119 (ex)
970 3064 1079 3113 quo
1102 3047 1264 3103 Gertz
1290 3050 1310 3117 ΙΙ
1336 3052 1400 3100 14
1417 3064 1530 3101 non
1556 3046 1716 3100 nulla
1732 3064 1800 3102 ss.
1822 3047 1898 3100 11³
1922 3050 1941 3118 ΙΙ
1968 3052 2028 3101 17
2049 3047 2288 3102 rhenum

262 3120 311 3186 (r
342 3118 408 3171 in
450 3120 586 3186 rac.)
625 3122 667 3170 G
701 3117 948 3187 hyenum
982 3123 1023 3171 P
1068 3120 1080 3199 l
1121 3117 1364 3173 inclutos
1401 3123 1449 3170 Π
1484 3117 1710 3173 inclitos
1748 3118 1979 3187 (inditos
2018 3120 2080 3189 G)
2116 3117 2240 3173 11²0
2280 3120 2288 3191 Ι

262 3193 322 3242 18
362 3188 523 3253 Quod
563 3187 611 3243 si
656 3188 787 3243 illos
832 3204 952 3242 esse
997 3188 1118 3243 illic
1153 3195 1208 3244 Π
1248 3190 1256 3260 Ι
1297 3187 1458 3243 illinc
1497 3189 1544 3244 G
1553 3190 1612 3244 F
1626 3190 1945 3245 WMueller
1979 3191 1998 3259 ΙΙ
2034 3194 2096 3242 19
2133 3207 2245 3258 quo

262 3260 302 3314 t.
341 3260 493 3327 quod
519 3264 574 3313 Π
605 3261 613 3331 1
647 3262 943 3314 censentur
980 3260 1219 3316 Mueller
1250 3264 1257 3329 Ι
1288 3259 1647 3315 nominentur
1683 3260 1751 3313 G¹
1779 3264 1797 3332 ΙΙ
1823 3266 1895 3314 22
1931 3277 2288 3316 romanorum

262 3329 298 3383 l.
325 3330 513 3385 fusum
538 3336 593 3383 Μ
624 3332 633 3401 l
666 3333 941 3400 quantum
962 3336 1004 3384 G
1029 3334 1049 3402 ΙΙ
1075 3337 1145 3385 23
1174 3331 1334 3385 Tolle
1354 3362 1420 3371 -
1441 3330 1754 3386 uestientur
1781 3338 1909 3401 post
1943 3333 2285 3402 parauerunt

262 3403 327 3468 (v.
357 3404 453 3470 20)
482 3407 521 3453 0
557 3404 662 3457 huc
688 3409 895 3470 transp.
924 3403 1118 3457 Haase
1144 3406 1163 3473 ΙΙ
1188 3408 1257 3456 25
1288 3402 1510 3456 excelsa
1535 3405 1732 3473 scripsi
1759 3406 1818 3457 et
1842 3402 1944 3457 illa
1972 3408 2011 3455 0
2048 3405 2106 3456 et
2133 3404 2290 3456 tecta.

269 3471 498 3526 Thomas
534 3474 591 3526 et
627 3472 873 3527 culmina
907 3474 962 3528 J.
993 3474 1231 3529 Mueller
1262 3476 1271 3544 Ι
1302 3472 1458 3527 urbis
1494 3474 1682 3528 menia
1719 3479 1810 3527 GP
1837 3477 1950 3545 1127
1988 3473 2132 3527 latet
2166 3472 2239 3524 13¹
2269 3472 2280 3543 Ι

259 3542 604 3612 pr(a)ecipua
640 3550 679 3597 0
716 3560 853 3600 corr.
892 3564 934 3598 ω
980 3546 998 3614 ΙΙ
1044 3550 1112 3598 28
1150 3544 1412 3613 frequens
1452 3550 1494 3598 G
1533 3546 1541 3613 Ι
1583 3544 1772 3600 obruit
1807 3566 1850 3599 ω
