2610 3920
343 206 471 261 XIV
1148 206 1560 260 PRAEFATIO

517 356 904 415 Examinanti
960 355 1110 432 iam,
1170 374 1325 431 quae
1384 356 1541 416 ratio
1600 356 1931 415 intercedat
1974 358 2134 417 inter
2176 378 2362 420 novos

336 447 447 505 hos
491 443 676 503 libros
722 448 784 503 et
829 446 1091 504 veterem
1134 443 1310 503 illum
1352 449 1443 520 N,
1501 445 1658 503 hunc
1716 464 1834 505 non
1892 446 2121 505 fontem
2176 448 2362 509 fuisse

337 536 666 593 ceterorum
721 534 917 610 primo
977 532 1195 592 obtutu
1251 535 1438 609 patet.
1529 533 1688 593 Nam
1746 533 1923 593 nimis
1976 554 2198 613 magna
2244 537 2362 597 dis-

337 622 644 698 crepantia
689 623 886 681 exstat
927 622 1267 697 lectionum,
1313 640 1494 697 quam
1533 624 1604 681 ut
1638 622 2090 699 interpolationi
2124 622 2359 689 librarii

336 710 646 770 cuiusdam
713 711 1019 771 consultae
1079 713 1189 770 aut
1245 710 1662 786 depravationi
1719 712 2005 771 fortuitae
2066 714 2361 793 assignari

338 819 470 859 eam
527 800 735 875 liceat3
803 819 994 877 neque
1052 801 1165 859 hoc
1222 799 1400 859 modo
1460 800 1746 877 explicari
1804 803 2007 877 potest
2065 805 2160 861 tot
2213 803 2361 863 locis

336 907 648 967 germanas
705 889 990 949 lectiones
1047 889 1170 947 illis
1230 888 1530 948 codicibus
1588 889 1779 948 inesse
1825 893 2104 966 corrupto
2148 891 2237 950 ibi
2279 897 2359 951 N.

338 977 502 1048 Quae
560 996 694 1037 cum
750 978 816 1036 in
871 978 1027 1036 hunc
1084 977 1377 1053 plurimae
1424 996 1461 1036 a
1504 997 1581 1036 m.
1633 980 1669 1036 2
1716 977 1993 1037 inductae
2054 980 2200 1055 sint,
2262 980 2360 1040 de-

336 1064 588 1144 scriptos
647 1084 772 1126 esse
829 1065 1185 1126 recentiores
1242 1066 1429 1125 libros
1487 1086 1557 1124 ex
1601 1071 1666 1125 N
1711 1068 2056 1128 correctoris
2115 1087 2359 1129 manum
2429 1092 2438 1101 ·

335 1159 459 1215 iam
512 1174 687 1232 passo
743 1156 795 1214 si
842 1155 973 1232 quis
1019 1154 1343 1214 contendat
1354 1148 1432 1236 ¹),
1491 1155 1544 1214 is
1600 1155 1766 1215 facili
1821 1175 2001 1232 opera
2043 1158 2357 1217 refutatur.

335 1246 494 1304 Nam
531 1245 656 1303 eius
695 1244 1024 1303 sententiae
1059 1246 1401 1321 repugnant
1445 1246 1507 1301 et
1548 1244 1685 1319 loci,
1728 1244 1835 1303 ubi
1877 1245 1941 1303 hi
1986 1246 2216 1305 codices
2252 1250 2360 1306 aut

338 1352 539 1393 omnes
612 1336 718 1391 aut
789 1332 1011 1410 singuli
1083 1351 1217 1391 cum
1287 1337 1353 1391 N
1426 1334 1633 1392 contra
1702 1338 1767 1392 N
1770 1324 1795 1363 ²
1866 1336 2217 1409 concinunt,
2290 1339 2360 1395 ut

343 1425 442 1497 10,
484 1426 548 1497 13
586 1424 652 1497 43
721 1423 821 1499 13,
861 1422 928 1497 63
996 1423 1097 1496 16,
1139 1422 1247 1497 183
1324 1423 1424 1496 17,
1465 1426 1575 1497 11,
1615 1424 1724 1498 19,
1764 1423 1874 1497 25,
1915 1424 2025 1499 26,
2099 1425 2201 1501 23,
2240 1426 2361 1499 21,

339 1512 442 1585 33,
475 1513 584 1585 17,
632 1513 735 1587 47,
766 1511 877 1585 26,
925 1510 1027 1585 63,
1058 1511 1168 1584 27,
1217 1510 1321 1585 66,
1351 1511 1461 1583 27,
1524 1512 1627 1585 89,
1657 1511 1767 1586 26,
1817 1512 1919 1585 92,
1948 1512 2058 1587 22,
2108 1514 2210 1585 94,
2245 1514 2353 1587 18,

341 1602 488 1678 102,
518 1601 600 1658 22
648 1599 752 1675 al.‚
809 1597 1161 1675 praesertim
1215 1598 1266 1657 si
1319 1598 1433 1656 hoc
1485 1598 1549 1656 in
1593 1597 1823 1657 mendis
1868 1598 2084 1657 calami
2128 1601 2356 1659 factum

336 1691 451 1765 est,
504 1688 610 1747 ubi
663 1688 948 1747 correctio
1004 1687 1248 1746 alterius
1293 1704 1506 1745 manus
1553 1687 1801 1762 simplex
1846 1686 2130 1763 luscoque
2167 1706 2355 1763 paene

337 1778 506 1853 oculo
569 1778 883 1853 perspicua
947 1779 1064 1851 est,
1125 1778 1196 1835 ut
1251 1777 1311 1849 3,
1352 1776 1462 1850 15,
1528 1778 1586 1850 4,
1627 1777 1736 1851 10,
1804 1777 2046 1853 19,19,
2112 1777 2359 1850 30,17,

339 1869 438 1941 34,
485 1866 595 1943 15,
661 1866 765 1940 38,
811 1866 921 1940 13,
985 1867 1089 1938 44,
1131 1866 1200 1939 4,
1267 1865 1371 1939 53,
1414 1864 1480 1939 3,
1557 1865 1659 1939 57,
1702 1866 1769 1941 2,
1814 1865 1923 1939 13,
1970 1866 2079 1940 14,
2147 1865 2251 1939 58,
2293 1866 2360 1941 3,

337 1956 439 2030 74,
470 1955 580 2030 28,
631 1957 732 2030 76,
761 1956 828 2030 8,
877 1955 977 2031 91,
1009 1955 1120 2029 22,
1168 1955 1271 2032 92,
1301 1954 1369 2029 3,
1396 1954 1477 2012 27
1518 1952 1622 2029 al.,
1669 1956 1729 2012 et
1773 1952 1880 2012 ubi
1920 1954 2150 2014 rectum
2185 1973 2355 2030 prae-

332 2045 478 2104 bent
534 2046 742 2103 contra
799 2048 863 2104 N
923 2045 1304 2121 oppugnante
1363 2045 1692 2101 correctore
1753 2045 1860 2102 aut
1914 2043 2200 2102 reticente
2213 2088 2230 2119 ,
2286 2046 2358 2103 ut

338 2135 396 2204 5,
427 2135 538 2208 24,
598 2134 703 2208 49,
735 2137 844 2210 11,
877 2133 985 2208 15,
1018 2134 1128 2208 29,
1191 2133 1292 2206 50,
1327 2135 1436 2206 11,
1498 2132 1600 2207 51,
1630 2132 1743 2208 23,
1804 2132 1907 2205 59,
1937 2132 2047 2206 25,
2112 2133 2216 2206 61,
2247 2134 2357 2210 21,

337 2223 582 2297 62,13,
642 2223 840 2297 7Ο,6,
897 2221 1236 2297 81,5,13,
1294 2221 1495 2295 85,9,
1554 2221 1767 2294 126,8
1827 2220 1932 2295 aL,
1995 2221 2155 2287 inter
2209 2239 2357 2297 quos

335 2310 673 2388 gravissimi
743 2309 1022 2387 ponderis
1093 2311 1234 2368 sunt
1312 2309 1560 2367 lacunae
1632 2308 1690 2367 N
1693 2309 1957 2368 azariani
2026 2310 2187 2370 recte
2261 2330 2358 2370 ex-

334 2401 552 2477 pletae,
597 2399 669 2458 de
724 2399 938 2475 quibus
982 2397 1078 2458 vd„
1132 2397 1309 2456 infra.
1400 2397 1483 2456 Et
1528 2397 1821 2473 quomodo
1867 2399 2094 2458 factum
2138 2400 2246 2476 est,
2288 2402 2360 2458 ut

338 2489 483 2565 115,
515 2491 595 2548 19
642 2489 707 2546 in
752 2486 1020 2547 omnibus
1073 2486 1242 2545 libris
1287 2485 1444 2546 desit
1493 2485 1645 2545 illud
1691 2489 1981 2563 expendit,
2029 2487 2188 2564 quod
2233 2487 2355 2546 iam

331 2579 396 2636 in
439 2583 504 2637 N
557 2576 860 2654 supplevit
913 2577 1140 2652 primus
1198 2578 1511 2652 corrector,
1570 2578 1632 2634 et
1690 2578 1896 2635 contra
1946 2578 2090 2650 117,
2121 2578 2157 2634 2
2215 2595 2354 2635 nus-

515 2783 567 2851 1)
605 2779 696 2834 Sic
733 2779 898 2834 Gertz
926 2781 1076 2836 Berl.
1101 2781 1290 2850 philol.
1331 2781 1511 2836 Woch.
1540 2779 1617 2834 IX
1642 2782 1826 2850 (1889)
1862 2799 1916 2850 p.
1948 2785 2051 2834 375
2089 2780 2159 2834 de
2186 2778 2355 2849 Regi-

336 2851 500 2906 nensi
549 2851 848 2918 iudicavit3
896 2867 1082 2920 neque
1127 2851 1313 2918 deest,
1366 2851 1642 2919 quomodo
1680 2867 1738 2905 se
1772 2853 2015 2906 tueatur.
2092 2856 2210 2918 174,
2240 2855 2273 2903 5
2310 2855 2359 2903 N

331 2922 569 2993 praebet
608 2925 743 2992 quid
773 2924 782 2996 Ι
819 2923 982 2994 Quid,
1023 2920 1124 2978 ubi
1167 2920 1379 2976 lineola
1413 2925 1480 2976 ut
1513 2922 1576 2976 in
1611 2924 1888 3004 apparatu
1924 2921 2120 2977 critico
2157 2937 2350 2976 versus

333 2993 547 3048 exitum
573 2993 824 3064 designo,
861 3011 962 3063 pro
999 2992 1241 3063 simplici
1268 2995 1404 3064 quid
1430 2995 1628 3062 (aeque
1655 3010 1717 3046 m
1742 2998 1791 3046 Π
1820 2998 1939 3061 175,
1962 2998 1993 3046 6
2022 2994 2153 3048 dum
2184 2992 2193 3064 Ι
2224 2993 2359 3046 dum

334 3070 454 3134 177,
474 3070 542 3118 28
579 3072 629 3121 et
664 3067 816 3120 intra
846 3067 855 3134 Ι
887 3072 937 3121 et
970 3067 1125 3120 intra
1162 3069 1280 3133 192,
1311 3070 1345 3118 4
1374 3067 1590 3119 domum
1621 3066 1629 3133 Ι
1660 3065 1879 3119 domum
1908 3069 2028 3132 227,
2050 3068 2117 3117 16
2144 3068 2198 3118 et
2221 3063 2349 3136 wir!

333 3144 384 3192 et
418 3138 666 3204 temutes,
701 3135 763 3189 in
789 3141 836 3188 B
873 3142 994 3204 222,
1015 3142 1082 3190 26
1109 3137 1282 3190 wnius
1318 3137 1420 3190 ani
1449 3137 1457 3204 Ι
1488 3152 1558 3190 us
1593 3136 1784 3190 amima
1808 3177 1821 3204 ,
1859 3133 2033 3190 ceteri
2067 3135 2295 3203 praeter
2323 3141 2357 3186 Β

333 3209 604 3278 quidquid
647 3207 736 3261 vel
787 3206 972 3278 Quid?
1015 3207 1174 3277 Quid.
1251 3205 1345 3260 Sic
1381 3211 1466 3276 68,
1497 3211 1564 3260 29
1601 3205 1744 3260 ridic
1808 3221 1843 3259 a
1886 3204 2057 3260 lectio
2103 3204 2164 3258 in
2198 3210 2246 3258 B
2270 3207 2355 3276 (P)

331 3297 444 3336 rem
471 3297 612 3349 prae
637 3296 738 3349 pro
765 3296 878 3334 rem
895 3279 1177 3348 publicam
1202 3277 1371 3332 facile
1400 3276 1715 3347 explicatur
1742 3275 2020 3346 scriptura
2045 3275 2353 3330 Nazariani

331 3369 444 3408 rem
471 3357 540 3422 ᾗ,
586 3350 738 3406 idem
773 3350 990 3405 factum
1025 3352 1112 3405 est
1148 3355 1234 3419 31,
1257 3355 1351 3418 18,
1389 3355 1475 3418 39,
1498 3354 1591 3418 13,
1631 3353 1794 3418 71,9,
1836 3351 2034 3427 113,.4;
2073 3346 2173 3399 sed
2208 3345 2355 3399 nihil

334 3423 540 3495 obstat,
579 3422 718 3492 quin
752 3422 860 3476 hoc
893 3421 1010 3477 iam
1046 3422 1242 3477 eodem
1279 3421 1447 3476 modo
1483 3419 1544 3474 in
1581 3420 1885 3489 archetypo
1920 3419 2136 3486 p1ctum
2176 3416 2355 3498 fuisse

333 3495 693 3563 arbitremur,
747 3510 918 3563 quam
971 3493 1291 3563 opinionem
1343 3491 1510 3548 fulcit
1562 3492 1713 3546 idem
1758 3506 1908 3546 error
1955 3493 2075 3558 138,
2097 3493 2163 3541 19
2209 3505 2272 3541 m
2306 3493 2356 3540 11

333 3568 726 3638 deprehensuS.
