2610 3920
314 209 393 262 VI
1121 209 1531 263 PRAEFATIO

317 360 464 418 locis
500 359 715 418 menda
750 359 1041 434 primitivi
1076 361 1273 418 textus
1301 359 1509 419 crebra
1537 361 1780 419 sustulit
1805 378 2108 436 novasque
2127 362 2337 420 'lectio-

317 467 421 506 nes
467 448 739 507 inseruit.
824 447 1016 508 Multo
1060 449 1420 509 recentiores
1466 451 1604 508 sunt
1649 451 2042 509 correctorum
2086 449 2338 508 duorum

317 555 529 596 manus
567 536 992 596 emendatrices
1030 537 1251 596 saeculi
1284 537 1436 596 XIH
1471 541 1577 597 aut
1600 538 1761 613 XIV,
1797 557 1950 614 quae
1988 557 2121 597 cum
2155 539 2338 597 inter-

320 625 461 684 dum
486 625 589 686 vix
617 625 883 703 dignosci
919 627 1169 702 possint,
1204 626 1361 685 sicut
1397 628 1458 686 et
1493 645 1670 702 saepe
1708 627 1970 686 difficilis
2008 629 2099 686 est
2135 646 2338 686 earum

319 731 357 772 a
398 705 490 774 1⁴1²
535 714 867 789 distinctio,
920 715 1125 774 littera
1170 716 1469 774 communi
1512 708 1604 775 11³
1657 734 1695 774 a
1739 736 1832 774 me
1878 717 2124 775 notatae
2179 718 2334 774 sunt.

318 802 585 878 Utraque
623 821 817 879 pauca
850 807 1034 881 recte,
1070 804 1245 880 plura
1280 823 1593 880 perperam
1626 805 1907 878 mutavit,
1943 805 2136 864 altera
2170 823 2339 880 prae-

316 893 483 950 terea
518 892 755 971 glossas
802 892 1344 968 explicationesque
1380 893 1577 952 verbis
1614 893 2049 970 suprascribere
2087 893 2342 968 amavit3

318 979 404 1040 sic
440 980 516 1039 ab
551 981 664 1040 hac
700 981 907 1041 addita
943 982 1226 1060 leguntur
1262 1000 1440 1058 super
1474 1002 1533 1058 p.
1566 985 1624 1058 7,
1647 985 1724 1041 11
1764 985 1897 1041 uni:
1933 999 2142 1041 nomen
2175 983 2337 1056 27,5

320 1087 465 1129 esse:
511 1071 799 1129 comedere
837 1073 941 1144 29,
975 1074 1010 1130 7
1044 1073 1111 1130 in
1147 1075 1304 1130 acta:
1345 1073 1413 1130 in
1437 1072 1742 1145 publicwm
1780 1073 1883 1146 32,
1915 1072 1995 1130 18
2035 1072 2344 1146 dispicerez

314 1161 355 1218 i.
394 1159 717 1218 discernere
761 1161 845 1216 22
882 1159 1189 1233 friyidam:
1238 1177 1456 1233 aquam
1504 1161 1606 1237 36,
1637 1162 1718 1218 22
1755 1161 1878 1220 ille:
1915 1178 1960 1220 e.
2001 1163 2086 1218 eet
2121 1161 2226 1235 38,
2256 1161 2339 1218 23

318 1249 663 1307 seruatoris:
716 1251 794 1306 ut·
834 1247 989 1307 obsis
1044 1249 1146 1322 50,
1175 1249 1216 1306 4
1256 1249 1491 1308 alienis:
1546 1251 1878 1322 aequiwoois
1926 1250 2030 1323 64,
2060 1250 2144 1307 24
2187 1249 2344 1308 ulla:

318 1337 544 1410 femma
590 1337 694 1409 89,
722 1335 805 1394 25
842 1338 1125 1396 mterdiu:
1170 1339 1237 1396 in
1274 1338 1370 1396 die
1410 1339 1557 1412 100,
1587 1338 1669 1396 28
1709 1355 2020 1412 seyreyem:
2064 1340 2104 1396 i.
2142 1339 2342 1411 ebrequ-

320 1427 505 1486 lamem
554 1427 631 1483 11
644 1427 699 1500 1,
733 1425 813 1483 18
862 1428 1118 1486 trecenti:
1162 1425 1332 1501 fabii,
1369 1426 1470 1483 cfr.
1510 1443 1664 1501 quae
1702 1424 1879 1485 Gertz
1915 1426 2231 1486 annotavit
2267 1422 2346 1484 ad

321 1513 603 1579 editionis
660 1531 801 1572 suae
855 1534 913 1590 p.
961 1516 1066 1590 41,
1098 1516 1209 1590 223
1265 1517 1369 1592 47,
1401 1517 1512 1590 213
1560 1516 1662 1590 52,
1693 1516 1758 1591 5;
1807 1516 1910 1590 57,
1941 1517 2051 1592 123
2099 1518 2201 1592 66,
2232 1515 2348 1588 26;

322 1603 651 1680 81,8;11;
689 1603 792 1678 86,
812 1604 927 1679 2ος
974 1603 1180 1662 eadem
1216 1603 1293 1661 ad
1339 1603 1402 1661 H
1431 1605 1488 1681 5,
1521 1606 1556 1661 2
1603 1603 1669 1662 111
1713 1605 1982 1681 margine
2030 1602 2348 1679 adscripsit

324 1691 581 1769 Terenti,
636 1690 859 1768 quippe
906 1692 1073 1752 cuius
1119 1692 1329 1751 comici
1383 1691 1598 1768 poetae
1643 1711 1859 1752 nomen
1902 1693 2194 1768 interpres
2239 1692 2348 1750 ille

319 1780 571 1841 noverit.
636 1779 768 1838 Hae
798 1780 946 1856 quid
982 1780 1124 1839 boni
1162 1781 1310 1856 quid
1344 1781 1492 1842 mali
1528 1781 1862 1857 attulerint,
1898 1781 2065 1840 nullo
2102 1781 2347 1859 negotio

321 1889 393 1929 ex
440 1870 739 1945 apparatu
784 1869 989 1928 critico
1036 1869 1370 1948 intellegas
1444 1871 1516 1928 In
1561 1870 1858 1947 prioribus
1895 1888 2035 1930 vero
2071 1869 2351 1928 manibus

320 1957 502 2035 paulo
551 1957 774 2020 diutius
820 1951 1283 2018 subsistendum
1308 1962 1413 2019 est.
1503 1959 1594 2018 De
1641 1959 1854 2036 quibus
1901 1959 2061 2035 quod
2107 1956 2348 2019 Gertzio

320 2047 501 2124 paulo
574 2046 787 2106 melius
858 2048 1122 2127 iudicare
1194 2048 1447 2125 possim,
1520 2048 1772 2108 duorum
1833 2049 2099 2110 virorum
2161 2047 2351 2107 debeo

321 2135 703 2211 liberalitati,
761 2136 866 2212 (1111
917 2136 1243 2195 Nazariani
1296 2138 1647 2197 collationes
1700 2156 1886 2197 novas
1939 2137 2087 2197 mihi
2142 2137 2354 2197 adesse

320 2226 670 2303 voluerunt,
714 2224 1030 2286 Francisco
1076 2226 1419 2300 Buecheler,
1476 2227 1582 2302 (1111
1627 2244 1760 2285 cum
1806 2244 2130 2301 numquam
2174 2225 2354 2285 disci-

320 2314 603 2391 pulorum
655 2314 959 2376 laboribus
1013 2315 1195 2389 desit,
1247 2315 1396 2374 mihi
1453 2334 1691 2391 quoque
1749 2301 2130 2374 collationem
2182 2314 2350 2373 illius

321 2403 463 2462 libri
508 2422 545 2461 a
588 2402 891 2463 Friderico
946 2403 1018 2463 de
1062 2403 1244 2463 Duhn
1296 2404 1626 2479 perfectam
1679 2403 2100 2481 benignissime
2154 2405 2353 2462 trans-

321 2492 512 2571 misit,
572 2492 634 2550 et
680 2490 890 2551 Ottoni
934 2492 1264 2567 Rossbach,
1321 2492 1426 2568 qui
1479 2511 1613 2551 cum
1665 2492 1789 2551 iam
1837 2493 1902 2550 in
1955 2492 2110 2551 libro
2167 2510 2352 2567 supra

320 2581 570 2639 laudato
620 2580 697 2639 ad
742 2583 933 2639 artem
977 2581 1244 2640 criticam
1287 2582 1354 2639 in
1392 2580 1649 2641 Senecae
1687 2580 1908 2657 scripta
1951 2580 2352 2641 factitandam

324 2669 889 2745 praecellentissimo
925 2688 1115 2729 novae
1154 2670 1493 2729 collationis
1529 2671 1790 2729 fructum
1825 2669 2350 2747 promulgavisset,

322 2760 645 2835 postquam
696 2778 915 2819 novam
967 2760 1172 2835 parari
1226 2759 1549 2817 editionem
1599 2758 1775 2837 legit,
1838 2759 2150 2818 thesauros
2211 2776 2355 2817 suos

328 2847 558 2923 amplos
620 2848 1043 2907 humanissime
1105 2846 1253 2907 mihi
1315 2848 1477 2907 ultro
1534 2847 1767 2908 obtulit.
1867 2846 2100 2907 Horum
2160 2847 2357 2925 igitur

328 2935 551 2997 auxilio
616 2936 811 2995 adiuti
879 2936 1049 2995 firmo
1112 2937 1178 2994 in
1242 2936 1634 2995 examinando
1697 2937 2035 2997 Nazariano
2100 2936 2356 2995 nitimur

326 3024 729 3083 fundamenta

506 3112 809 3189 Scriptum
863 3132 987 3173 esse
1040 3114 1264 3172 librum
1318 3118 1382 3173 N
1436 3132 1620 3171 manu
1683 3112 1918 3172 librarii
1973 3112 2236 3173 socordis
2291 3116 2356 3170 et

330 3202 683 3278 exemplaris
738 3203 900 3277 quod
952 3202 1361 3279 transscripsit
1405 3201 1588 3261 verba
1640 3202 1952 3261 festinanti
2007 3202 2238 3260 calamo
2290 3202 2356 3258 et

329 3292 570 3369 linguae
632 3291 859 3349 latinae
923 3291 1171 3349 scientia
1234 3290 1560 3370 perexigua.
1621 3290 2036 3351 transferentis
2093 3291 2218 3349 iam
2281 3309 2355 3347 ex

331 3382 627 3458 apparatu
692 3377 941 3455 Gertzii,
1007 3380 1111 3455 qui
1171 3380 1487 3456 praecipue
1550 3380 1616 3439 in
1677 3380 1870 3457 primo
1931 3379 2085 3438 libro
2151 3396 2357 3438 omnes

328 3470 616 3529 minutias
680 3470 887 3527 afferre
951 3470 1251 3545 voluerat,
1309 3470 1457 3529 satis
1521 3470 1816 3546 apparuit.
1916 3468 2075 3528 Nam
2136 3466 2356 3527 menda

329 3578 526 3619 merae
592 3558 943 3619 oscitantiae
1009 3561 1116 3616 aut
1179 3558 1472 3617 stultitiae
1537 3558 1740 3617 debita
1802 3560 2038 3617 exstant
2098 3558 2354 3616 fortasse
