2610 3920
384 75 544 153 Quis
573 78 753 161 pium
775 77 946 141 dicet
965 75 1245 162 Aenean,
1269 76 1330 140 si
1356 76 1634 159 patriam
1656 77 1802 159 capi
1821 77 2118 161 voluerit,
2155 93 2184 140 1
2201 87 2445 142 XXXVI

206 171 285 232 ut
340 166 703 250 captivitati
764 170 1014 250 patrem
1077 165 1352 248 eripiat?
1445 163 1608 240 Quis
1666 163 1913 229 Siculos
1968 165 2230 230 iuvenes

206 259 285 320 ut
330 255 502 320 bona
544 255 767 322 liberis
814 253 1103 337 exempla
1146 253 1567 337 monstrabit,
1617 254 1680 317 si
1719 254 2108 340 optaverint,
2154 260 2231 319 nt

207 344 425 408 Aetna
468 345 824 410 inmensam
867 343 1119 428 ignium
1163 342 1296 407 vim
1339 364 1535 426 super
1581 342 1848 407 solitum
1890 343 2118 407 ardens
2159 349 2231 408 et

151 458 177 498 5
205 435 469 498 incensa
512 432 891 516 praecipitet
926 432 1159 497 datura
1202 431 1362 516 ipsis
1403 431 1800 496 occasionem
1834 431 2232 496 exhibendae

205 522 473 606 pietatis
528 543 607 587 ex
660 521 871 586 medio
926 520 1303 604 parentibus
1359 519 1652 586 incendio
1704 520 1957 603 raptis?
2047 519 2234 586 Nihil
2269 538 2302 586 2

206 611 399 676 debet
458 609 742 694 Scipioni
786 609 1022 694 Roma,
1074 609 1136 674 si
1179 607 1494 674 Punicum
1548 609 1813 694 bellurn,
1869 613 1944 673 ut
1996 609 2234 694 finiret,

206 699 401 778 aluit3
462 699 629 764 nihil
682 697 925 782 DeciiS,
985 698 1157 782 quod
1208 703 1416 764 morte
1468 697 1748 782 patriam
1801 703 2234 786 servaverunt,

206 789 263 852 si
331 789 511 871 prius
572 791 975 876 optaverant,
1040 791 1115 850 ut
1178 786 1504 851 devotioni
1565 787 1955 852 fortissimae
2017 787 2231 851 locum

124 903 177 942 m
204 877 441 944 ultima
494 898 708 943 rerum
760 876 1107 942 necessitas
1160 875 1414 942 faceret.
1515 874 1911 942 Gravissima
1965 876 2231 940 infamia

204 970 306 1032 est
346 965 576 1031 medici
610 987 775 1049 opus
801 986 1133 1048 quaerere3
1166 965 1380 1050 multi,
1423 987 1587 1049 quos
1626 969 1934 1030 auxerant
1968 965 2230 1030 morbos

202 1060 268 1120 et
315 1055 767 1139 inritaverant,
823 1059 897 1118 ut
942 1054 1151 1138 gloria
1192 1053 1434 1120 maiore
1482 1058 1808 1140 sanarent,
1861 1075 1990 1118 non
2046 1058 2232 1136 potu-

204 1147 398 1210 erunt
451 1143 769 1210 discutere
828 1146 939 1206 aut
992 1165 1138 1208 cum
1192 1163 1426 1227 magna
1468 1143 1850 1208 miserorum
1895 1142 2230 1208 vexatione

204 1233 521 1299 vicerunt.

126 1345 177 1384 15
384 1319 831 1386 Callistratum
882 1319 1066 1386 aiunt
1118 1318 1243 1405 (ita
1297 1323 1466 1385 certe
1509 1319 1803 1385 Hecaton
1853 1325 2078 1385 auctor
2117 1337 2144 1384 1
2171 1330 2434 1385 XXXVII

206 1408 366 1498 est),
421 1431 567 1475 cum
622 1410 693 1474 in
746 1409 1009 1474 exilium
1062 1408 1212 1493 iret,
1268 1409 1340 1472 in
1392 1409 1562 1493 quod
1614 1409 1856 1474 multos
1912 1431 2056 1473 cum
2108 1409 2224 1473 illo

205 1498 404 1564 simul
428 1498 731 1564 seditiosa
757 1497 982 1562 civitas
1018 1501 1085 1562 et
1118 1498 1618 1580 intemperanter
1644 1498 1850 1564 libera
1875 1498 2230 1582 expulerat,

207 1591 477 1671 optante
507 1587 799 1673 quodam,
836 1590 909 1650 ut
936 1584 1442 1652 Atheniensibus
1470 1587 1816 1651 necessitas
1849 1587 2229 1652 restituendi

207 1676 430 1742 exules
500 1680 672 1741 esset
683 1729 701 1762 ,
772 1675 1211 1740 abominatum
1284 1675 1478 1741 talem
1541 1675 1834 1741 reditum.
1938 1673 2229 1741 Rutilius
2266 1694 2297 1740 2

128 1789 178 1830 so
206 1769 431 1830 noster
485 1764 859 1848 animosius,
919 1786 1063 1830 cum
1119 1764 1378 1848 quidam
1433 1764 1618 1829 illum
1671 1764 2110 1830 consolaretur
2165 1770 2229 1828 et

207 1853 449 1920 diceret
502 1853 744 1922 instare
800 1876 975 1920 arma
1020 1852 1263 1939 civilia,
1308 1853 1486 1918 brevi
1531 1853 1843 1938 futurum,
1888 1858 1962 1918 ut
2009 1875 2228 1918 omnes

206 1943 427 2009 exules
472 1946 970 2009 reverterentur:
1024 1941 1227 2029 „Quid
1271 1939 1431 2007 tibi“
1475 1943 1688 2027 inquit
1734 1943 1926 2029 „mali
1970 1942 2109 2027 feci,
2154 1947 2230 2007 ut

207 2032 369 2099 mihi
404 2033 689 2115 peiorem
724 2032 1001 2097 reditum
1040 2054 1231 2115 quam
1268 2032 1514 2099 exitum
1553 2033 1849 2116 optares?
1913 2030 2005 2097 Ut
2039 2033 2226 2114 ma10‚

208 2122 421 2204 patria
484 2121 676 2187 exilio
730 2143 873 2187 meo
936 2121 1294 2207 crubescat,
1360 2143 1550 2204 quam
1613 2121 1826 2185 reditu
1889 2120 2230 2185 maereat!“

130 2233 180 2275 25
208 2208 361 2274 Non
400 2215 499 2277 est
536 2209 712 2274 istud
748 2210 1031 2296 exilium,
1066 2210 1245 2275 cuius
1282 2210 1600 2276 neminem
1634 2231 1767 2274 non
1803 2210 2008 2294 magis
2040 2231 2230 2293 quam

388 2406 449 2457 15
485 2402 738 2459 Hecaton
770 2403 842 2469 fr.
883 2402 1006 2456 XV
1036 2402 1255 2457 Fowler

386 2584 412 2631 1
458 2577 613 2647 piam
648 2580 722 2632 ΠΙ
776 2582 794 2648 ΙΙ
847 2584 881 2633 2
924 2578 1186 2647 captitati
1220 2578 1295 2631 Νι
1341 2576 1675 2647 captiuitate
1720 2580 1902 2648 (super
1938 2594 1968 2631 e
2003 2580 2136 2646 ras.)
2173 2596 2228 2647 p.

210 2649 450 2719 eriperet
497 2656 529 2702 Β
582 2652 600 2720 ΙΙ
654 2656 687 2703 3
732 2648 1070 2704 monstrauit
1113 2655 1215 2702 NB
1268 2651 1644 2703 monstrarent
1691 2653 1782 2701 GP
1837 2666 1972 2703 corr.
2015 2648 2174 2703 Grut.
2213 2650 2225 2731 J

211 2723 550 2788 opta-uerunt
587 2726 679 2774 GP
732 2724 751 2791 ΙΙ
804 2726 839 2777 4
876 2721 1127 2791 (a)ethna
1162 2720 1291 2773 ΨΒ
1304 2726 1396 2772 GP
1454 2722 1462 2789 Ι
1521 2719 1774 2773 inmensa
1809 2720 1846 2775 i.
1884 2719 2111 2789 insuper
2149 2722 2230 2791 (m

211 2807 376 2860 super
401 2794 461 2861 P)
502 2791 601 2845 sol.
634 2797 724 2844 GP
757 2794 765 2863 Ι
799 2792 1000 2848 ardens
1038 2791 1266 2847 daretur
1299 2790 1438 2861 ipsis
1475 2790 1694 2845 occasio
1724 2790 1948 2861 ex(h)ib.
1982 2796 2073 2844 GP
2111 2791 2227 2845 ard.

212 2863 269 2914 et
302 2861 337 2915 i.
377 2862 631 2932 precepit
665 2865 724 2919 et
768 2862 957 2917 daturi
992 2862 1101 2932 ipsi
1137 2868 1238 2915 lm
1283 2880 1420 2918 corr.
1464 2862 1681 2917 Gronov
1709 2864 1726 2931 ΙΙ
1755 2868 1786 2914 8
1827 2862 1969 2915 aluit
2010 2862 2230 2917 Gronov

214 2930 367 2985 aliud
401 2939 503 2987 RB
546 2933 945 3003 perseuerauit.
984 2934 1156 2989 Aliud
1195 2939 1286 2987 GP
1321 2936 1339 3003 ΙΙ
1377 2939 1410 2986 9
1446 2936 1785 3003 optauerant
1823 2940 1864 2986 G
1899 2936 1917 3003 ΙΙ
1953 2938 2016 2986 12
2052 2932 2228 2987 intra-

214 3007 413 3059 uerant
447 3011 485 3058 0
522 3022 657 3061 corr.
698 3023 729 3066 ς
767 3004 1146 3061 incitauerant
1184 3012 1217 3061 ς
1252 3008 1260 3075 Ι
1301 3004 1512 3059 maiore
1550 3003 1731 3074 gloria
1768 3008 1859 3057 GP
1900 3007 1919 3075 u
1959 3009 2019 3056 15
2059 3003 2228 3059 Calli-

216 3075 451 3129 sti-arum
484 3082 531 3129 B
570 3079 579 3147 Ι
623 3079 785 3131 autor
820 3080 909 3132 est
942 3081 990 3130 Π
1036 3078 1262 3131 auctore
1301 3081 1345 3128 G
1389 3078 1618 3130 auctore
1655 3083 1688 3128 Β
1733 3078 1752 3144 ΙΙ
1796 3081 1858 3129 16
1897 3075 2065 3129 simul
2101 3092 2227 3129 cum

211 3142 313 3196 illo
349 3149 437 3199 GP
462 3150 481 3217 ss
507 3153 567 3201 17
606 3148 870 3217 expulera
904 3148 977 3200 ΠΙ
1004 3150 1120 3218 1120
1156 3146 1438 3201 animosus
1477 3152 1508 3198 8
1541 3148 1549 3213 Ι
1582 3163 1709 3200 cum
1745 3146 1894 3200 enim
1931 3165 1983 3215 q.
2022 3145 2058 3200 i.
2100 3162 2227 3199 con-

214 3213 424 3269 laretur
458 3223 501 3270 G
540 3218 549 3289 1
591 3218 864 3275 solaretur
901 3226 933 3272 s
986 3222 1005 3289 ΙΙ
1057 3225 1127 3273 22
1163 3216 1275 3273 feci
1313 3234 1411 3271 om.
1452 3222 1493 3268 G
1542 3218 1560 3285 ss
1614 3221 1682 3270 23
1721 3216 1972 3286 paiorem
2007 3217 2081 3269 ΠΙ
2113 3218 2121 3287 Ι
2162 3218 2228 3269 ut

212 3283 365 3339 malo
400 3292 445 3339 Π
486 3289 636 3343 malo
673 3292 737 3343 ut
770 3290 892 3343 11¹0
938 3293 958 3361 ΙΙ
1001 3296 1071 3345 24
1107 3288 1354 3343 reditum
1390 3289 1544 3341 creat
1581 3287 1834 3358 (haereat
1867 3290 1936 3357 N)
1973 3292 2075 3339 lm
