2610 3920
560 201 657 255 DE
695 201 1093 256 BENEFICIIS
1130 201 1263 255 ΜΒ.
1302 201 1419 256 VII.
1460 201 1612 257 CAP.
1651 208 1860 255 21-23
2094 202 2223 269 209

199 347 569 413 meminisse
595 347 1055 411 mandavimus,
1120 346 1317 410 Errat
1344 351 1579 430 tamen,
1617 347 1674 411 si
1703 347 1847 430 quis
1880 347 2225 433 existimat,

198 459 349 501 cum
386 436 656 500 dicimus
694 457 859 520 eum,
895 436 1007 519 qui
1051 435 1434 500 beneficium
1472 435 1661 521 dedit,
1707 436 2002 500 oblivisci
2040 458 2226 520 opor-

199 530 355 610 tere,
402 529 696 589 excutere
741 546 862 589 nos
907 524 1006 589 illi
1053 526 1427 589 memoriam
1472 525 1567 589 rei
1610 524 1988 608 praesertim
2031 524 2226 589 hone-

201 613 553 697 stissimae:
608 613 920 697 quaedam
970 614 1400 697 praecipimus
1457 614 1629 678 ultra
1672 614 1962 697 modum,
2016 618 2089 677 ut
2146 613 2225 677 ad

139 730 170 770 5
200 724 422 767 verum
460 706 524 767 et
563 724 749 766 suum
785 702 1062 767 redeant.
1129 700 1292 767 Cum
1320 702 1613 767 dicimus:
1654 702 2056 785 „meminisse
2092 723 2226 767 non
2262 721 2293 767 2

203 789 446 876 debet“,
507 791 630 855 hoc
684 790 980 856 volumus
1026 790 1343 876 intellegi:
1408 790 1805 874 „praedicare
1850 813 1983 855 non
2035 791 2226 855 debet

199 902 316 945 nec
361 880 597 944 iactare
641 901 758 944 nec
794 880 1008 964 gravis
1045 878 1235 944 esse“.
1313 879 1584 955 Quidam
1622 881 1792 944 enim
1826 880 2225 963 beneficium,

202 969 376 1052 quod
429 969 768 1053 dederunt,
827 968 1124 1033 omnibus
1178 969 1435 1033 circulis
1490 973 1783 1053 narrant3
1846 968 1970 1033 hoc
2024 969 2227 1033 sobrii

199 1059 518 1140 locuntur,
552 1057 677 1122 hoc
712 1057 874 1121 ebrii
908 1079 1040 1122 non
1076 1058 1429 1142 continent,
1462 1056 1587 1121 hoc
1624 1057 1869 1143 ignotis
1904 1058 2227 1143 ingerunt,

109 1177 174 1215 ιο
203 1145 326 1211 hoc
371 1145 592 1211 amicis
639 1147 1057 1230 conmittunt3
1104 1150 1177 1210 ut
1221 1146 1381 1210 haec
1424 1147 1624 1211 nimia
1670 1149 1734 1210 et
1780 1146 2228 1230 exprobratrix

201 1236 512 1299 memoria
558 1235 934 1320 subsideret,
979 1234 1273 1299 oblivisci
1321 1257 1483 1319 eum,
1529 1236 1642 1319 qui
1686 1235 1881 1321 dedit,
1924 1236 2227 1300 iussimus

203 1328 270 1387 et
324 1323 469 1406 plus
524 1324 928 1409 imperando,
972 1346 1164 1407 quam
1208 1324 1525 1407 praestari
1570 1328 1855 1409 poterat,
1901 1323 2229 1388 silentium

203 1412 538 1476 suasimus,
611 1411 918 1487 Quotiens
957 1435 1184 1495 parum
1229 1412 1498 1477 fiduciae
1534 1417 1635 1477 est
1670 1413 1739 1477 in
1776 1413 1875 1491 iis,
1913 1413 2147 1497 quibus
2197 1430 2224 1477 1
2255 1424 2443 1479 XXIII

203 1502 496 1585 impereS,
533 1501 806 1584 amplius
845 1501 1229 1586 exigendum
1265 1505 1383 1585 est,
1420 1524 1613 1585 quam
1652 1506 1753 1566 sat
1790 1506 1905 1584 est,
1942 1505 2016 1565 ut
2052 1524 2229 1585 prae-

109 1618 170 1659 15
203 1593 438 1675 stetur,
503 1594 813 1674 quantum
879 1596 981 1655 sat
1043 1594 1158 1654 est.
1268 1589 1348 1654 In
1408 1591 1533 1655 hoc
1599 1591 1809 1655 omnis
1873 1589 2226 1674 hyperbole

201 1679 595 1765 extenditur,
665 1682 740 1743 ut
813 1678 892 1743 ad
963 1701 1186 1743 verum
1258 1678 1588 1745 mendacio
1657 1680 1892 1744 veniat.
1999 1679 2229 1763 Itaque

201 1769 338 1853 ille,
393 1790 538 1833 cum
588 1767 777 1832 dixit:

377 1892 537 1979 „Qui
583 1891 855 1956 candore
898 1892 1078 1956 nives
1126 1892 1471 1977 anteirent,
1518 1893 1810 1957 cursibus
1859 1894 2099 1978 auras“,

203 2017 375 2101 quod
420 2039 551 2081 non
594 2021 850 2102 poterat
895 2018 1062 2104 fieri,
1115 2017 1307 2104 dixit,
1361 2022 1435 2082 ut
1482 2018 1856 2104 crederetur,
1914 2023 2229 2103 quantum

113 2135 175 2174 20
203 2105 555 2190 plurimum
599 2112 834 2190 posset.
927 2107 1017 2171 Et
1064 2107 1177 2190 qui
1223 2107 1413 2172 dixit:

383 2228 540 2314 „His
585 2230 954 2296 inmobilior
1001 2231 1303 2316 scopulis,
1348 2231 1693 2296 violentior
1739 2231 1975 2317 amne“,

206 2376 286 2418 ne
338 2353 462 2418 hoc
510 2354 764 2437 quidem
820 2377 886 2420 se
938 2378 1397 2439 persuasurum
1450 2357 1705 2442 putavit
1763 2357 2041 2441 aliquem
2096 2361 2229 2421 tam

207 2441 583 2507 inmobilem
649 2464 785 2507 esse
841 2466 1034 2528 quam
1099 2445 1452 2529 scopulum.
1551 2445 1922 2528 Numquam
1977 2449 2231 2510 tantum
2270 2462 2301 2510 2

209 2535 422 2614 sperat
468 2531 845 2617 hyperbole,
900 2537 1211 2616 quantum
1259 2535 1477 2619 audet,
1534 2534 1641 2598 sed
1687 2534 2083 2599 incredibilia
2130 2535 2234 2598 ad-

119 2647 178 2688 25
207 2620 444 2703 firmat,
490 2623 564 2683 ut
609 2620 689 2683 ad
733 2621 1064 2685 credibilia
1109 2623 1456 2706 perveniat.
1532 2621 1695 2686 Cum
1733 2623 2027 2688 dicimus:
2073 2622 2234 2709 „Qui

208 2708 588 2772 beneficium
624 2708 816 2793 dedit,
854 2710 1326 2796 obliviscatur“,
1361 2711 1485 2775 hoc
1512 2711 1805 2776 dicimus:
1843 2712 2108 2798 „similis
2148 2713 2233 2776 sit

211 2797 444 2882 oblito3
481 2798 788 2862 memoria
825 2799 960 2863 eius
997 2821 1130 2863 non
1167 2800 1470 2884 adpareat
1505 2821 1623 2864 nec
1658 2799 1995 2865 incurrat“.
2070 2798 2233 2866 Cum
2270 2818 2302 2866 3

207 2887 482 2951 dicimus
537 2886 914 2951 beneficium
969 2889 1175 2971 repeti
1228 2911 1362 2953 non
1418 2893 1741 2974 oportere,
1792 2911 1926 2954 non
1970 2911 2045 2954 ex
2091 2894 2232 2954 toto

387 3103 448 3151 18
495 3097 650 3170 Very.
690 3097 760 3152 A.
801 3098 939 3152 XII
967 3103 1041 3153 84
1094 3102 1112 3169 ΙΙ
1167 3104 1230 3152 21
1271 3098 1363 3153 Ov.
1403 3117 1471 3154 m.
1512 3099 1686 3154 XIII
1714 3103 1823 3154 801

388 3281 423 3328 2
461 3275 621 3330 dedit
659 3294 690 3335 ς
737 3276 898 3331 reddi
936 3281 984 3329 R
1029 3275 1216 3332 reddit
1251 3276 1374 3329 11²0
1420 3279 1438 3347 ΙΙ
1483 3282 1518 3329 4
1555 3277 1834 3344 quaedam
1872 3298 1913 3331 ω
1961 3293 2105 3346 quae
2143 3283 2181 3330 0
2217 3278 2237 3349 ΙΙ

211 3352 244 3398 5
284 3346 481 3400 redeat
509 3347 578 3399 (³¹
604 3349 622 3416 ss
649 3353 713 3401 10
751 3347 1006 3412 animicis
1036 3354 1081 3401 G
1115 3349 1134 3417 ΙΙ
1170 3353 1230 3402 13
1267 3348 1359 3401 his
1388 3353 1480 3400 GP
1506 3351 1525 3417 ΙΙ
1551 3353 1611 3400 15
1651 3348 1994 3418 hyperbolae
2031 3351 2089 3402 et
2125 3350 2233 3402 ext.

207 3421 314 3468 ΠΒ
343 3420 402 3470 et
419 3417 520 3472 del.
541 3418 617 3470 151²
640 3421 660 3488 ΙΙ
686 3425 746 3473 17
777 3417 876 3486 qui
903 3417 1049 3472 dixit
1069 3435 1102 3477 ς
1129 3421 1149 3488 u
1175 3424 1236 3471 18
1267 3435 1429 3473 aures
1458 3420 1525 3472 1²¹
1550 3421 1569 3489 ΙΙ
1596 3425 1659 3472 21
1687 3419 2082 3474 uiolentioram
2108 3433 2238 3471 nem

211 3502 286 3540 ne
320 3487 426 3540 hoc
462 3494 509 3540 N
557 3489 692 3543 -tior
727 3506 892 3544 amne
937 3490 1044 3544 hoc
1077 3489 1203 3542 11²0
1232 3494 1346 3558 1123
1385 3507 1531 3560 scop.
1570 3508 1683 3546 non
1720 3493 1994 3560 quantum
2031 3507 2111 3557 sp.
2150 3492 2193 3539 G
2219 3488 2238 3559 Η

211 3562 286 3610 24
320 3557 630 3627 hyperbola
663 3562 721 3630 (a
756 3578 824 3616 ecc
861 3576 927 3614 ae
963 3567 1010 3613 N
1059 3577 1094 3614 a
1128 3577 1196 3615 ecc
1231 3567 1268 3614 si
1310 3565 1372 3630 G)
1410 3567 1449 3615 0

321 3656 541 3698 Sumen
569 3669 727 3698 otum.
753 3659 790 3698 Ι.
821 3662 845 3700 2
875 3659 944 3699 ed.
973 3659 1205 3700 Hosius.
1820 3656 1885 3702 14
