2610 3920
357 195 488 261 236
993 196 1054 251 L.
1093 195 1377 249 ANNAEI
1414 194 1743 251 SENECAE

356 345 558 406 testes
613 341 972 405 facinorum
1015 363 1092 405 ac
1133 340 1419 405 vindices
1460 342 1718 427 timeat,
1766 361 1843 404 eo
1888 339 2267 425 perductae,
2308 343 2385 403 ut

355 451 490 494 non
539 430 731 494 liceat
785 430 886 493 illi
937 435 1188 494 mutare
1231 451 1460 493 mores,
1552 428 1697 495 Hoc
1741 429 1913 493 enim
1956 430 2127 493 inter
2172 432 2387 493 cetera

355 519 460 584 vel
503 519 854 602 pessimum
896 518 1094 583 habet
1139 519 1512 583 crudelitas:
1556 519 2087 602 perseverandum
2133 522 2235 581 est
2266 539 2387 581 nec

358 608 440 671 ad
501 608 771 673 meliora
833 611 1013 692 patet
1073 628 1434 693 regressus3
1508 607 1744 672 scelera
1809 606 1979 671 enim
2036 606 2383 671 sceleribus

357 696 595 761 tuenda
640 700 807 761 sunt.
899 695 1067 772 Quid
1120 701 1336 761 autem
1380 718 1458 760 eo
1510 696 1861 781 111161161116,
1913 696 2017 760 cui
2068 696 2200 760 iam
2248 716 2388 759 esse
2439 720 2463 759 5
2575 760 2576 767 ¹

289 802 321 850 3
358 786 528 849 malo
585 806 846 849 necesse
905 785 1047 849 est‘?
1139 783 1193 849 Ο
1251 784 1688 849 miserabilem
1742 784 1956 870 illum,
2016 784 2143 848 sibi
2188 786 2387 849 certe!

357 896 510 937 nam
563 875 789 938 ceteris
841 874 1130 938 misereri
1185 873 1323 938 eius
1377 874 1561 938 nefas
1620 874 1731 958 sit,
1785 874 1899 957 qui
1954 873 2258 938 caedibus
2316 894 2388 937 ac

356 962 600 1047 rapinis
660 962 1016 1046 potentiam
1073 963 1385 1049 exercuit,
1444 964 1557 1047 qui
1616 966 1913 1047 suspecta
1970 962 2097 1026 sibi
2157 966 2390 1025 cuncta

356 1051 633 1116 reddidit
661 1056 794 1115 tam
822 1056 1084 1115 externa
1111 1074 1308 1135 quam
1336 1052 1702 1137 domestica,
1740 1073 1888 1115 cum
1916 1074 2093 1115 arma
2119 1054 2389 1131 metuat,

359 1141 440 1205 ad
485 1162 664 1204 arma
708 1140 1106 1225 confugienS,
1147 1162 1281 1204 non
1326 1140 1677 1204 amicorum
1722 1140 1873 1204 fidei
1916 1140 2205 1226 credens,
2252 1161 2389 1204 non
2417 1165 2465 1204 10
2575 1154 2576 1181 ³

357 1229 588 1313 pietati
622 1229 1003 1313 liberorum3
1048 1229 1182 1314 qui,
1224 1230 1340 1294 ubi
1377 1229 1846 1313 circumspexit,
1900 1250 2187 1313 quaeque
2232 1228 2391 1292 fecit

361 1339 650 1401 quaeque
711 1318 1000 1382 facturus
1065 1322 1188 1403 est,
1251 1322 1319 1381 et
1372 1318 1832 1382 conscientiam
1886 1338 2067 1381 suam
2131 1317 2392 1401 plenam

361 1406 707 1471 sceleribus
744 1428 817 1471 ac
852 1408 1193 1471 tormentis
1239 1407 1592 1491 adaperuit,
1638 1428 1827 1490 saepe
1872 1410 2147 1471 mortem
2181 1407 2392 1491 timet,

287 1513 323 1561 4
361 1495 614 1579 saepius
662 1500 864 1579 optat,
908 1496 1178 1560 invisior
1225 1495 1352 1560 sibi
1398 1516 1591 1579 quam
1630 1495 2073 1560 servientibus
2146 1494 2205 1559 E
2246 1516 2395 1559 con-

358 1584 560 1649 trario
606 1585 683 1669 is,
728 1585 831 1648 cui
876 1606 1064 1649 curae
1109 1589 1260 1649 sunt
1304 1585 1620 1668 universa,
1668 1584 1780 1668 qui
1826 1584 1951 1649 alia
1986 1584 2216 1669 magis,
2262 1584 2392 1647 alia
2419 1608 2467 1648 15
2575 1618 2576 1685 ᾗ

357 1673 572 1737 minus
636 1677 873 1757 tuetur,
934 1673 1180 1737 nullam
1227 1688 1370 1737 'non
1424 1673 1519 1738 rei
1572 1673 1865 1757 publicae
1919 1676 2169 1757 partem
2230 1676 2407 1735 tam-.

362 1784 555 1845 quam
613 1762 713 1827 sui
765 1762 1003 1848 nutrit,
1055 1762 1401 1826 inclinatus
1458 1762 1541 1826 ad
1580 1762 1869 1845 mitiora,
1924 1762 2148 1847 etiam,
2207 1762 2266 1825 si
2312 1784 2393 1825 ex

359 1873 480 1914 usu
529 1855 630 1915 est
667 1851 1190 1937 animadvertere,
1235 1851 1597 1936 ostendens,
1643 1873 1836 1935 quam
1875 1850 2121 1915 invitus
2160 1872 2391 1933 aspero

359 1939 638 2004 remedio
675 1962 904 2004 manus
943 1938 1296 2026 admoveat,
1338 1940 1411 2004 in
1447 1939 1627 2005 cuius
1668 1940 1883 2005 animo
1917 1938 2087 2003 nihil
2128 1938 2393 2025 hostile,

358 2029 526 2092 nihil
572 2029 838 2092 efferum
885 2033 1004 2115 est,
1049 2030 1161 2112 qui
1205 2030 1566 2112 potentiam
1604 2051 1788 2093 suam
1825 2029 2074 2112 placide
2113 2051 2185 2092 ac
2224 2029 2390 2092 salu·
2419 2054 2469 2092 20
2575 2043 2576 2124 j

359 2117 589 2181 tariter
634 2121 885 2182 exercet
931 2117 1286 2202 adprobare
1331 2118 1603 2202 imperia
1649 2140 1765 2182 sua
1810 2118 2059 2182 civibus
2106 2118 2393 2204 cupiens,

359 2205 516 2270 felix
573 2206 822 2272 abunde
879 2207 1004 2271 sibi
1049 2206 1256 2291 visuS‚
1312 2207 1369 2270 si
1418 2207 1749 2271 fortunam
1796 2229 1977 2271 suam
2020 2206 2393 2290 publicarit,

362 2316 656 2360 sermone
699 2295 1027 2380 adfabilis,
1074 2295 1254 2359 aditu
1301 2317 1683 2380 accessuque
1734 2296 1973 2380 facilis,
2016 2296 2229 2379 voltu,
2276 2296 2393 2379 (1111

361 2383 636 2448 maxime
680 2384 957 2468 populos
1003 2385 1382 2470 demeretur,
1427 2383 1742 2471 amabiliS,
1784 2385 2005 2468 aequis
2056 2383 2391 2448 desideriis

360 2495 717 2557 propensus
727 2524 745 2557 ,
800 2474 995 2537 etiam
1041 2472 1280 2557 iniquis
1328 2495 1453 2538 non
1508 2473 1771 2538 acerbus
1781 2525 1800 2558 ‚
1856 2496 1893 2538 a
1938 2476 2077 2537 tota
2124 2473 2389 2537 civitate
2416 2497 2465 2536 25

289 2579 322 2628 5
361 2566 638 2648 amatur,
698 2562 1085 2645 defenditur,
1143 2561 1394 2626 colitur.
1486 2562 1728 2626 Eadem
1784 2562 1862 2626 de
1921 2561 2034 2626 illo
2091 2561 2389 2626 homines

361 2656 608 2717 secreto
654 2651 954 2716 locuntur
1000 2672 1162 2734 quae
1207 2650 1448 2734 palam3
1503 2650 1730 2714 tollere
1785 2650 1955 2714 filios
2006 2651 2277 2734 cupiunt
2323 2654 2390 2714 et

359 2740 636 2824 publicis
709 2740 894 2805 malis
959 2739 1268 2803 sterilitas
1329 2739 1571 2803 indicta
1633 2739 2008 2824 recluditur;
2082 2739 2244 2803 bene
2320 2761 2390 2804 66

359 2830 742 2894 meriturum
790 2829 868 2894 de
911 2829 1136 2893 liberis
1179 2828 1315 2892 suis
1354 2828 1623 2912 quisque
1658 2850 1793 2893 non
1828 2828 2102 2913 dubitat,
2149 2828 2391 2912 quibus

536 2991 563 3038 1
599 2988 773 3041 testes
821 3003 886 3041 ac
933 2983 1185 3040 uindices
1232 2985 1339 3039 fac.
1378 2989 1574 3037 Aru·
1632 2987 1641 3054 Ι
1698 2984 1952 3039 uindicet
1987 2989 2091 3036 RB
2140 3001 2277 3040 corr.
2319 3003 2389 3039 m.

358 3073 459 3111 ree.
498 3057 563 3110 im
596 3062 643 3110 R
687 3057 708 3126 fl
754 3062 784 3109 5
825 3059 1014 3111 autem
1049 3073 1174 3111 meo
1212 3061 1315 3108 n
1364 3057 1373 3125 Ι
1425 3072 1546 3110 6666
1580 3055 1794 3110 malum
1829 3061 1970 3109 rm·
2014 3055 2231 3110 malum
2266 3071 2391 3110 6666

358 3131 447 3180 As
483 3129 502 3196 ΙΙ
539 3134 569 3181 Ἰ
607 3144 742 3181 nam
777 3131 834 3182 te
871 3130 950 3196 (te
987 3145 1104 3196 exp.
1135 3146 1204 3182 m.
1234 3131 1290 3196 1)
1326 3132 1373 3179 Π
1406 3128 1413 3196 Ι
1456 3127 1707 3196 c(a)eteri
1742 3131 1845 3180 ΠΒ
1880 3130 1899 3196 ΙΙ
1937 3133 1968 3179 8
2008 3130 2271 3196 suscepta
2296 3133 2346 3180 A
2372 3128 2393 3199 ΙΙ

358 3204 414 3250 11
449 3214 595 3266 quae
632 3197 770 3252 fecit
808 3205 840 3251 8
877 3215 976 3253 om.
1014 3203 1061 3251 A
1105 3202 1124 3268 u
1170 3204 1231 3251 14
1267 3197 1313 3250 E
1351 3215 1450 3252 om.
1490 3203 1531 3250 1.
1584 3201 1603 3268 ΙΙ
1655 3204 1715 3251 15
1748 3197 1857 3272 slsis
1893 3204 1942 3250 R
1982 3201 1989 3266 Ι
2033 3198 2234 3271 (non)
2272 3197 2393 3252 alia

359 3269 638 3323 Rossbach
662 3269 681 3338 11
707 3274 767 3322 17
797 3267 1101 3323 inclinatus
1128 3274 1175 3322 A
1207 3271 1321 3323 -tos
1352 3274 1389 3323 0
1423 3275 1431 3336 Ι
1464 3272 1522 3324 et
1550 3269 1597 3322 61
1624 3274 1671 3322 A
1697 3270 1716 3339 ΙΙ
1742 3274 1803 3322 18
1832 3268 2046 3323 inuitus
2072 3274 2119 3322 A
2156 3268 2392 3324 inuidus

360 3345 398 3392 0
425 3341 446 3408 11
471 3344 541 3392 20
571 3337 872 3392 salubriter
897 3343 1036 3392 APs
1061 3343 1081 3409 ΙΙ
1107 3345 1170 3393 21
1199 3340 1540 3409 adprobaret
1555 3346 1604 3392 Ἡ
1632 3357 1750 3394 -are
1780 3343 1839 3394 et
1861 3341 2027 3396 Gertz
2054 3342 2073 3410 ΙΙ
2098 3345 2171 3394 88
2198 3339 2392 3410 publi-

360 3412 514 3464 caret
549 3408 617 3461 1’1
653 3410 672 3476 ΙΙ
706 3413 775 3461 23
815 3409 976 3462 aduti
1001 3415 1105 3463 RB.
1141 3428 1276 3465 corr.
1308 3412 1533 3467 Fickert
1567 3429 1666 3466 om.
1708 3417 1745 3464 0
1781 3413 1801 3481 ΙΙ
1836 3417 1905 3465 25
1944 3414 2002 3466 et
2036 3411 2114 3466 in.
2152 3416 2199 3464 A
2232 3413 2243 3481 Ι
2272 3429 2391 3466 11011

361 3479 488 3534 add.
517 3480 727 3546 Haase,
754 3496 853 3534 om.
887 3485 922 3532 0
951 3479 1044 3532 vix
1070 3479 1301 3536 Hermes
1326 3485 1345 3552 11
1372 3488 1443 3536 26
1480 3483 1551 3537 de
1580 3500 1679 3538 om.
1706 3487 1755 3536 Π
1791 3484 1919 3538 add.
1946 3501 2015 3537 m.
2044 3489 2077 3538 1
2107 3485 2126 3552 ΙΙ
2153 3488 2222 3536 2¹1
2251 3482 2393 3552 pala

360 3554 409 3600 Ἡ
434 3557 485 3604 et
509 3555 556 3603 B
592 3551 691 3603 ubi
715 3567 784 3604 m.
813 3567 914 3605 rec.
945 3567 1078 3605 corr.
1107 3554 1223 3620 1129
1261 3553 1486 3622 suisque
1521 3572 1635 3609 non
1660 3559 1765 3606 RB
1802 3553 1915 3608 suis
1950 3570 2062 3609 non
2096 3560 2133 3607 0
2172 3570 2313 3609 corr.
2344 3575 2389 3608 ω
