2610 3920
1056 196 1467 251 PRAEFATIO
2177 196 2280 249 XV

246 365 427 421 quam
500 346 654 404 desit
733 347 1002 422 ineptum
1082 347 1233 406 illud
1314 349 1479 423 mdo,
1566 349 1725 423 quod
1796 348 1917 405 iam
1992 348 2277 424 expunxit

243 434 324 493 ibi
373 456 450 492 m.
503 436 536 493 1
555 432 586 493 ⁴?

421 524 632 599 Itaque
693 524 940 582 interim
979 525 1128 583 duae
1177 525 1391 583 classes
1455 542 1525 582 ex
1570 524 1777 584 eodem
1821 527 2024 583 tamen
2070 485 2273 584 arche-

242 616 390 688 typo
440 608 772 689 derivatae,
831 614 894 671 id
941 613 1100 689 quod
1157 614 1407 673 lacunae
1452 614 1721 690 vitiaque
1780 615 2120 673 communia
2174 613 2273 672 de·-

242 704 600 775 monstrant,
647 702 997 761 statuendae
1045 705 1199 780 sunt,
1237 720 1492 778 quarum
1536 702 1731 761 altera
1775 702 1901 761 solo
1937 707 2002 761 N
2037 722 2275 777 reprae-

243 794 530 865 sentatur,
579 790 769 849 altera
813 790 978 850 fonte
1025 792 1323 851 communi
1370 794 1699 851 ceterorum
1736 791 2039 868 codicum,·
2060 792 2283 867 quibus=

241 880 591 954 plerumque
652 879 880 939 accedit
923 872 1014 941 ΝΒ
1060 900 1130 939 ex
1187 881 1302 939 hac
1356 881 1542 939 classe
1588 872 1971 961 corrigens.1)
2060 881 2273 959 HuiuS,

243 987 422 1043 quam
460 969 717 1027 secundo
754 969 885 1029 loco
921 970 1110 1045 posui,
1158 970 1364 1046 stirpis
1398 969 1815 1047 integerrimus
1851 968 2027 1029 testis
2065 973 2155 1028 est
2192 975 2271 1046 R,

243 1077 416 1133 quem
455 1076 590 1117 cum
625 1058 863 1117 vinculo
899 1059 1147 1134 reliquis
1193 1059 1415 1118 artiore
1454 1078 1588 1118 cum
1622 1063 1687 1117 N
1724 1058 2106 1117 coniunctum
2144 1078 2271 1118 esse

243 1165 534 1206 consensu
579 1165 784 1205 eorum
829 1148 892 1206 in
936 1148 1168 1207 levibus
1180 1138 1233 1228 ²)
1281 1147 1684 1226 gravibusque
1731 1147 2085 1206 lectionibus
2131 1167 2267 1224 pro-

238 1235 430 1310 betur,
485 1237 556 1293 ut
612 1237 669 1310 3,
700 1237 766 1311 63
825 1238 881 1311 6,
916 1238 1022 1311 153
1084 1239 1183 1309 17,
1217 1240 1326 1312 19,
1358 1238 1467 1314 25,
1519 1239 1619 1313 19,
1648 1238 1859 1311 43193
1908 1238 2011 1311 26,
2044 1238 2108 1312 1,
2165 1238 2269 1313 47,

247 1329 311 1397 1,
350 1326 416 1398 3,
457 1328 522 1399 5,
583 1328 686 1398 61,
730 1328 838 1400 17,
881 1328 993 1400 21,
1057 1328 1157 1403 62,
1202 1328 1308 1401 13,
1373 1328 1473 1401 70,
1505 1328 1571 1402 4,
1604 1326 1669 1401 5,
1704 1328 1816 1400 21,
1878 1326 2122 1402 82„16;
2156 1328 2267 1401 21,

247 1413 349 1486 83,
393 1414 458 1492 5,
505 1416 610 1487 11,
677 1416 822 1489 113,
869 1415 980 1488 28,
1051 1416 1194 1489 115,
1241 1416 1350 1489 153
1420 1416 1565 1488 128,
1609 1415 1720 1490 23,
1791 1416 1935 1489 130,
1986 1417 2048 1487 1,·
2092 1417 2156 1489 2,
2200 1417 2281 1489 4,,

248 1502 390 1577 136,
425 1505 532 1577 11,
567 1504 671 1577 12,
703 1505 813 1578 20,
866 1504 1010 1579 155,
1041 1506 1108 1578 4,
1141 1505 1382 1578 26,27,
1435 1506 1580 1577 174,
1605 1506 1847 1578 14,24,
1900 1504 2284 1581 175,9,10,-

247 1591 390 1665 181,
422 1592 487 1665 3,
518 1594 584 1665 4,
616 1593 682 1666 8,
715 1594 824 1667 12,
857 1595 966 1667 24,
1018 1595 1162 1676 182,
1193 1594 1260 1667 6,
1292 1594 1358 1668 8,
1391 1595 1500 1667 27,
1552 1593 1697 1667 185,
1732 1594 1798 1667 7,
1848 1593 1994 1667 235,
2019 1595 2083 1665 1,
2108 1594 2265 1666 2,4,

243 1682 306 1754 7,
339 1681 448 1755 15,
482 1682 590 1755 16,
623 1682 865 1756 17,18,
891 1684 998 1756 19,
1024 1683 1132 1756 23,
1157 1684 1238 1739 24
1268 1683 1363 1757 aL,
1393 1681 1469 1739 ab
1498 1681 1821 1756 archetypo
1850 1699 1971 1738 non
1998 1681 2087 1739 ita
2114 1682 2266 1737 mul-

236 1771 371 1827 tum
416 1769 638 1829 distare
675 1771 739 1827 in
775 1771 1095 1845 propatulo
1133 1774 1238 1829 est.
1314 1772 1385 1829 In
1423 1770 1634 1829 ceteris
1670 1789 1809 1829 vero
1848 1770 1989 1828 talis
2027 1787 2263 1829 concre-

237 1860 447 1931 pantia
473 1860 668 1936 magis
694 1860 1005 1937 magisque
1025 1861 1287 1934 evanuit,
1308 1860 1432 1918 sive
1454 1878 1560 1918 suo
1588 1859 1829 1936 ingenio
1859 1858 2090 1917 librarii
2118 1858 2278 1917 haec-

238 1946 452 2006 menda
496 1947 620 2006 fere
664 1948 824 2008 levia
870 1950 1238 2008 sustulerunt
1274 1967 1534 2009 novasve
1571 1948 1855 2008 lectiones
1890 1948 2265 2008 intruserunt

237 2037 358 2095 sive
404 2037 764 2097 membranis
809 2040 904 2097 usi
950 2042 1089 2097 sunt
1133 2038 1284 2098 aliis,
1360 2039 1518 2097 Nam
1564 2057 1698 2096 cum
1744 2038 2001 2098 Senecae
2040 2039 2263 2114 scripta

238 2126 487 2184 moralia
547 2127 610 2185 in
669 2128 942 2186 omnibus
1005 2128 1218 2187 scholis
1277 2127 1773 2203 monasteriisque
1836 2127 2279 2204 magistrorum-

239 2213 778 2301 discipulorumque
806 2216 1078 2276 manibus
1105 2217 1535 2277 volutarentur
1552 2216 1845 2292 multique
1873 2217 2078 2275 multis
2116 2217 2263 2275 locis

237 2306 536 2362 exstarent
581 2305 808 2364 codices
821 2297 892 2382 3),
938 2306 1082 2364 locis
1127 2305 1472 2381 depravatis
1519 2309 1627 2365 aut
1662 2305 1925 2364 obscuris
1962 2305 2258 2364 medelam

237 2393 444 2451 afferre
491 2395 692 2452 conati
726 2394 837 2470 illi,
877 2396 1034 2470 quod
1073 2394 1216 2453 alibi
1253 2395 1472 2454 rectius
1510 2413 1571 2454 se
1609 2396 1804 2472 legere
1844 2394 2263 2470 opinabantur,

236 2482 354 2540 suis
420 2501 656 2557 quoque
722 2484 1155 2558 exemplaribus
1219 2484 1607 2544 donaverunt.
1713 2485 1810 2542 Ita
1873 2484 2100 2542 factum
2169 2487 2263 2541 est

233 2569 406 2645 idem,
454 2571 614 2647 quod
657 2573 720 2632 in
767 2572 1154 2647 scriptoribus
1199 2573 1487 2632 lectitatis
1534 2591 1765 2648 semper
1808 2573 1931 2630 fere
1975 2571 2259 2630 accidisse

234 2658 526 2733 videmus,
587 2662 656 2717 ut
714 2663 912 2719 textus
970 2661 1364 2737 plurimorum
1423 2662 1711 2720 librorum
1769 2661 1992 2718 mixtus
2054 2661 2133 2718 sit
2188 2681 2259 2718 ex

235 2747 588 2807 lectionibus
631 2750 940 2825 utriusque
987 2750 1191 2809 classis
1235 2751 1415 2826 hique
1456 2750 1562 2810 alii
1598 2751 1739 2808 libri
1774 2749 1951 2808 modo
1991 2767 2027 2807 a
2064 2750 2257 2808 Naza-

232 2836 384 2894 riani
431 2839 604 2912 parte
649 2839 824 2897 modo
871 2839 1050 2914 idque
1097 2839 1334 2914 saepius
1381 2858 1417 2897 a
1462 2839 1813 2916 Reginensis
1861 2840 2035 2897 stent.
2132 2839 2253 2897 Ita-

237 2943 345 3000 que
393 2925 636 2984 difficile
683 2931 772 2986 est
817 2947 922 2986 nec
968 2947 1087 2988 non
1126 2946 1630 3003 supervacaneum
1668 2927 2013 3003 examinari,
2060 2928 2257 3003 qualis

321 3202 342 3254 l
411 3133 464 3199 1)
490 3130 681 3184 Pauca
717 3132 891 3186 etiam
928 3133 998 3188 de
1036 3149 1135 3187 suo
1165 3133 1340 3203 dedit,
1369 3136 1435 3186 ut
1462 3132 1776 3187 luculente1
1803 3133 2052 3188 ostendit
2076 3139 2281 3201 22,14.

234 3219 284 3252 m
341 3202 578 3258 iberalis.

411 3275 462 3342 2)
499 3273 593 3327 Sic
631 3273 804 3328 etiam
829 3274 1123 3344 permultis
1151 3275 1337 3330 10013
1319 3294 1380 3329 111
1408 3275 1626 3330 ratione
1654 3275 2115 3345 orthographica3
2156 3275 2254 3328 sed

235 3343 444 3399 talibus
492 3361 596 3399 nec
640 3346 742 3399 has
791 3345 1086 3400 schedulas
1132 3364 1234 3401 nec
1279 3349 1619 3417 apparatum
1674 3346 1907 3416 implere
1955 3345 2106 3400 volui
2162 3361 2253 3398 ex-

235 3414 407 3483 ceptis
443 3415 640 3485 paucis
677 3416 947 3486 exemplis
983 3417 1351 3500 gravioribus,

409 3490 461 3557 3)
498 3487 602 3542 Vd.
657 3487 829 3543 etiam
877 3488 1178 3542 Manitium
1228 3489 1286 3545 in
1339 3489 1520 3544 Musei
1570 3489 1830 3543 Rhenani
1881 3493 1921 3544 t.
1960 3494 2028 3541 4⁷
2070 3490 2250 3556 (1892)

236 3556 620 3626 supplemento
655 3578 710 3629 p.
749 3567 820 3614 44
838 3579 917 3630 sq.

337 3657 1072 3704 smnxoursmdn
1145 3665 1287 3718 ηιξ
1856 3644 1892 3695 b
