2610 3920
983 1052 1656 1129 PRAEFATIO

489 1375 795 1452 Codicum,
849 1377 953 1452 qui
1000 1375 1255 1435 Senecae
1311 1375 1384 1434 de
1437 1375 1736 1435 beneficiis
1791 1378 1853 1435 et
1896 1377 1968 1434 de
2013 1375 2329 1434 clementia

306 1465 492 1524 libros
536 1465 801 1542 tradunt,
844 1465 1023 1542 longe
1070 1465 1329 1542 primum
1372 1467 1540 1524 tenet
1573 1465 1774 1526 locum
1807 1464 1960 1523 liber
1993 1465 2327 1524 Lauresha-

304 1555 523 1634 mensis
569 1553 627 1614 S.
664 1553 910 1613 Nazarii
954 1545 1098 1635 (N),
1140 1571 1297 1612 nunc
1342 1553 1501 1612 inter
1543 1552 2174 1613 Vaticano-Palatinos
2219 1573 2326 1613 nu·
2357 1569 2408 1615 Π

304 1663 468 1704 mero
526 1643 695 1703 1547
752 1642 1075 1721 insignitus
1129 1642 1352 1702 saeculi
1415 1644 1486 1701 ut
1537 1643 1732 1702 voluit
1783 1636 2095 1716 RKekule,
2159 1642 2325 1701 cuius

304 1732 687 1792 collationem
721 1731 785 1790 in
820 1749 995 1790 usum
1030 1731 1356 1807 MHauptii
1392 1732 1718 1808 perfectam
1763 1730 2042 1790 adhibere
2087 1733 2327 1806 poterat

302 1819 419 1879 Mc
433 1819 627 1897 Gertz,
663 1814 850 1899 Ixsx,
894 1821 966 1878 ut
1002 1818 1368 1879 ORossbach
1379 1813 1451 1902 1)‚
1486 1819 1653 1878 VHI.
1728 1819 1908 1878 Cuius
1943 1819 2324 1878 membranae

303 1928 457 1987 quae
503 1909 583 1969 sit
626 1909 894 1970 condicio
942 1911 1170 1985 extera,
1225 1909 1450 1985 optime
1496 1909 1810 1987 descripsit
1855 1906 2032 1968 Gertz
2086 1909 2150 1968 in
2203 1909 2324 1968 edi·

301 1998 481 2058 tionis
528 2018 670 2059 suae
706 1998 974 2058 Berolini
1020 2016 1176 2057 anno
1220 2000 1387 2058 1876
1437 1999 1684 2058 emissae
1729 1998 2122 2075 praefatione,
2167 1999 2324 2057 unde

300 2106 492 2163 pauca
535 2088 634 2147 hic
680 2087 1040 2164 depromam.
1131 2087 1312 2146 Liber
1353 2087 1582 2147 moduli
1637 2088 1834 2147 octavi
1880 2087 2147 2147 continet
2198 2089 2322 2147 148

299 2176 461 2245 foliis
505 2194 786 2236 versuum
840 2178 948 2235 aut
993 2178 1074 2236 29
1125 2178 1232 2234 aut
1279 2178 1364 2236 30
1410 2176 1594 2236 libros
1649 2178 1720 2235 de
1774 2175 2074 2235 beneficiis
2129 2178 2190 2235 et
2249 2175 2322 2234 de

300 2264 641 2344 clementia3
674 2266 741 2323 in
774 2265 970 2341 primo
1006 2264 1153 2323 folio
1190 2265 1416 2343 legitur
1442 2266 1688 2327 diversis
1723 2264 2000 2323 manibus
2035 2264 2323 2340 scriptum

298 2352 517 2413 Seneca
567 2355 639 2415 de
692 2354 985 2427 beneficiis
1024 2350 1033 2427 Ι
1072 2354 1159 2412 Et
1208 2354 1281 2413 de
1323 2354 1602 2414 Instincti.
1695 2352 1862 2413 Artis
1915 2356 2166 2413 oratorie
2211 2345 2323 2434 (Et

298 2474 387 2483 —
422 2446 671 2503 oratorie
712 2444 925 2519 postea
961 2440 1223 2501 deletum
1269 2438 1386 2519 est)
1431 2437 1440 2523 Ι
1479 2440 1581 2502 Ad
1614 2440 1964 2502 AEbutimn
1997 2438 2274 2503 Liberale
2307 2433 2317 2523 ί

295 2526 395 2609 Sci
432 2538 750 2634 [Mathias
778 2550 957 2625 palat
992 2541 1003 2631 Ι
1046 2546 1237 2609 Codeoe
1270 2526 1371 2609 Βῖἶ
1402 2548 1658 2623 Ναεανφξφ·
1688 2551 1756 2609 in
1789 2548 2104 2609 ,La-missa.
2181 2546 2322 2613 Gor-

294 2639 557 2697 rectores
592 2638 923 2713 complures
957 2638 1152 2697 textui
1187 2641 1466 2714 corrupto
1505 2640 1612 2697 aut
1649 2657 1824 2713 quem
1859 2636 2157 2713 putabant
2193 2654 2321 2695 cor-

294 2728 541 2803 ruptum
605 2726 868 2786 sanando
934 2745 1175 2802 operam
1228 2729 1625 2787 navaverunt:
1688 2729 1758 2785 ut
1819 2744 2063 2784 manum
2122 2726 2318 2801 ipsam
2345 2748 2401 2777 m.
2429 2738 2455 2776 1

294 2815 555 2892 primam
590 2833 782 2891 pauca
815 2835 879 2873 re
915 2834 1059 2875 vera
1096 2815 1422 2891 depravata
1459 2815 1870 2875 emendantem
1914 2814 2318 2893 neglegamus3

296 2903 505 2963 eodem
569 2903 691 2962 fere
747 2905 1011 2980 tempore
1068 2904 1222 2963 alter
1274 2903 1598 2979 corrector,'
1640 2922 1816 2979 quem
1859 2906 2128 2977 primwm
2182 2923 2316 2963 cum
2327 2926 2403 2965 vr·
2418 2925 2520 2955 corr

296 2990 535 3051 Gertzio
607 2992 1071 3069 nominabimus,
1142 2993 1370 3053 leviora
1439 2992 1732 3069 quaedam
1801 2995 1961 3051 recte
2033 2992 2314 3052 restituit.

292 3081 583 3140 Maiorem
627 3080 837 3139 deinde
882 3100 1075 3157 neque
1121 3082 1398 3141 inutilem
1435 3100 1676 3158 operam
1713 3081 1988 3157 scriptori
2023 3081 2317 3157 impendit

292 3160 414 3229 non
469 3170 560 3229 ita
614 3170 805 3229 multo
860 3172 998 3245 post
1050 3188 1239 3231 novus
1294 3173 1590 3231 corrector
1634 3161 1811 3252 (1⁴1²),
1866 3171 1970 3246 qui
2024 3171 2314 3230 sexcentis
2346 3178 2423 3230 Π*

474 3358 525 3427 1)
544 3356 633 3411 De
650 3357 879 3413 Senecae
898 3358 1213 3427 philosophi
1238 3358 1502 3413 librorum
1525 3358 1831 3413 recensione
1849 3364 1900 3412 et
1925 3358 2313 3412 emendatione.

291 3426 669 3482 Vratislaviae
724 3433 863 3482 1888
915 3446 971 3497 p.
1023 3433 1115 3497 133
1172 3428 1268 3483 cfr.
1327 3430 1385 3483 et
1433 3428 1716 3483 Baehrens
1761 3428 1966 3483 Jenaer
2009 3428 2146 3483 Litt.
2158 3428 2312 3481 -.Zt

292 3504 328 3551 4
366 3501 551 3569 (1877)
592 3518 647 3569 p.
686 3505 783 3568 62,
838 3498 1135 3554 Chatelain
1182 3500 1577 3571 Paleoyraphie
1632 3501 1724 3555 des
1777 3501 1931 3555 class
1979 3499 2148 3553 latins
2192 3500 2254 3551 ta

295 3572 400 3622 ωε
434 3587 490 3638 p
528 3575 611 3624 22

898 3712 1446 3840 2354.ssss
