2610 3920
317 189 402 254 70
951 189 1008 243 L.
1050 187 1333 241 ANNAEI
1368 185 1696 242 SENECAE

314 335 649 400 avaritiam
693 338 1046 418 conpescat.
1131 332 1297 409 Quid
1352 334 1550 418 ergo?
1604 332 1981 397 beneficium
2040 331 2335 396 dominun

241 443 276 490 4
314 447 351 488 a
416 445 597 488 servo
663 424 937 508 accipit?
1000 423 1195 487 immo
1259 422 1456 487 homo
1511 422 1592 487 ab
1651 421 1922 486 homine.
2024 419 2337 505 Denique,

315 513 487 596 quod
530 512 601 576 in
644 513 820 577 illius
867 515 1190 597 potestate
1234 511 1382 596 fuit,
1424 510 1605 576 fecit:
1650 510 2030 575 beneficium
2074 509 2335 574 domino

315 601 514 686 dedit3
558 621 640 666 ne
684 624 722 665 a
768 623 950 666 servo
990 601 1333 686 acceperiS,
1374 601 1445 663 in
1480 604 1595 664 tua
1629 602 1951 683 potestate
1988 601 2102 663 est.
2177 597 2335 674 Quis

315 693 528 754 autem
582 693 803 755 tantus
861 693 985 776 est,
1049 712 1240 774 quem
1291 710 1425 752 non
1485 689 1747 754 fortuna
1802 687 2088 773 indigere
2142 687 2337 752 etiam
2394 714 2420 755 5

313 779 550 843 infimis
595 779 828 865 cogat?

103 879 286 934 XXHI
316 885 342 932 1
493 867 703 932 Multa
748 869 877 932 iam
922 867 1377 931 beneficiorum
1422 865 1711 951 exempla
1746 865 2017 930 referam
2055 869 2120 930 et
2157 864 2341 929 dissi-

315 957 493 1021 milia
557 961 622 1021 et
687 956 993 1041 quaedam
1058 956 1226 1020 inter
1291 977 1359 1020 se
1414 955 1751 1020 contraria.
1850 953 2046 1019 Dedit
2102 953 2339 1038 aliquis

316 1047 572 1111 domino
621 1067 736 1110 suo
784 1047 1012 1130 vitam,
1065 1044 1238 1108 dedit
1291 1049 1593 1124 mortem,
1649 1043 1928 1108 servavit
1980 1043 2339 1127 periturum

315 1139 398 1219 et,
445 1135 568 1199 hoc
613 1135 668 1199 si
705 1157 932 1219 parum
968 1137 1086 1218 est,
1130 1134 1454 1217 pereundo
1502 1133 1807 1217 servavit3
1854 1131 2017 1197 alius
2062 1135 2341 1196 mortem
2368 1158 2421 1198 ιο

246 1243 276 1289 2
315 1223 557 1288 domini
595 1224 857 1308 adiuvit,
895 1222 1059 1287 alius
1097 1221 1361 1306 decepit.
1429 1220 1733 1287 Claudius
1776 1219 2234 1306 Quadrigarius
2272 1221 2342 1286 in

315 1312 865 1377 duodevicensimo
912 1311 1239 1376 annalium
1283 1311 1500 1396 tradit,
1548 1332 1692 1375 cum
1741 1309 2141 1375 obsideretur
2180 1308 2341 1375 Gru·

315 1405 602 1466 mentum
665 1404 728 1464 et
791 1402 920 1465 iam
984 1398 1060 1464 ad
1130 1422 1445 1464 summam
1514 1400 2023 1484 desperationem
2076 1403 2341 1464 ventum

315 1493 512 1577 esset,
575 1491 734 1554 duos
795 1510 1012 1554 servos
1067 1488 1146 1552 ad
1199 1489 1455 1553 hostem
1509 1488 1935 1574 transfugisse
1990 1491 2053 1552 et
2110 1509 2338 1571 operae

314 1579 592 1663 pretium
638 1579 880 1644 fecisse.
954 1577 1200 1641 Deinde
1237 1579 1397 1642 urbe
1438 1581 1625 1661 capta
1668 1578 1909 1661 passim
1946 1576 2337 1640 discurrente
2366 1603 2420 1642 15

315 1669 556 1733 victore
613 1667 761 1732 illos
817 1689 929 1751 per
973 1670 1130 1731 nota
1182 1667 1416 1731 itinera
1462 1667 1541 1730 ad
1586 1666 1841 1730 domum
1856 1718 1872 1749 ,
1926 1665 1994 1729 in
2040 1686 2165 1748 qua
2212 1685 2339 1728 ser-

316 1758 583 1844 vierant,
626 1756 1137 1842 praecucurrisse
1194 1759 1259 1820 et
1314 1755 1639 1820 dominam
1685 1777 1865 1820 suam
1911 1757 2058 1818 ante
2103 1753 2337 1839 egisse3

318 1844 793 1930 quaerentibus,
839 1866 1151 1928 quaenam
1197 1849 1383 1929 esset,
1428 1845 1753 1908 dominam
1799 1848 1864 1908 et
1902 1842 2158 1928 quidem
2204 1863 2340 1906 cru-

318 1934 706 1999 delissimam
751 1933 831 1999 ad
879 1933 1262 2019 supplicium
1310 1933 1391 1999 ab
1436 1933 1599 2019 ipsis
1643 1933 1789 1997 duci
1825 1932 2149 2018 professos
2186 1953 2339 1997 esse.

315 2023 632 2088 Eductam
659 2024 883 2089 deinde
921 2027 1102 2087 extra
1137 2045 1357 2088 muros
1396 2045 1642 2087 summa
1678 2044 1831 2087 cura
1858 2022 2112 2106 celasse,
2140 2021 2340 2086 donec
2364 2048 2421 2089 so

316 2111 576 2177 hostilis
633 2114 729 2177 ira
784 2112 1169 2198 consideret3
1225 2112 1477 2197 deinde,
1530 2116 1606 2176 ut
1660 2112 1931 2176 satiatus
1976 2110 2164 2175 miles
2210 2110 2338 2175 cito

319 2200 398 2264 ad
440 2200 766 2267 Romanos
811 2223 1024 2267 mores
1059 2200 1268 2285 rediit,
1314 2201 1463 2265 illos
1503 2222 1755 2285 quoque
1794 2200 1873 2264 ad
1911 2221 2061 2264 suos
2098 2198 2340 2263 redisse

318 2292 382 2353 et
429 2289 753 2355 dominam
799 2291 925 2355 sibi
968 2291 1144 2375 ipsos
1187 2289 1451 2354 dedisse.
1524 2288 1721 2353 Manu
1766 2288 1948 2353 misit
1993 2291 2340 2371 utrumque

319 2400 352 2441 e
389 2379 664 2464 vestigio
713 2379 824 2444 illa
868 2400 984 2444 nec
1029 2379 1365 2464 indignata
1410 2382 1509 2443 est
1556 2379 1635 2442 ab
1681 2376 1785 2441 his
1824 2398 1893 2441 se
1929 2376 2134 2443 vitam
2172 2398 2339 2441 acce-

317 2467 518 2555 pisse,
578 2468 649 2532 in
714 2490 876 2552 quos
941 2468 1112 2533 vitae
1173 2468 1474 2551 necisque
1536 2469 1924 2550 potestatem
1984 2465 2336 2530 habuisset.
2367 2491 2421 2533 25

317 2555 540 2621 Potuit
579 2557 706 2621 sibi
740 2557 863 2623 hoc
899 2557 1000 2621 vel
1034 2556 1240 2641 magis
1279 2555 1618 2641 gratulari3
1656 2555 1843 2619 aliter
1882 2554 2052 2619 enim
2089 2558 2341 2619 servata

317 2666 550 2709 munus
594 2650 786 2711 notae
833 2650 897 2711 et
932 2646 1214 2729 volgaris
1261 2644 1635 2709 clementiae
1678 2643 2031 2729 habuisset,
2079 2644 2171 2708 sic
2192 2653 2339 2707 'ser-

318 2738 468 2797 vata
510 2735 749 2800 nobilis
793 2735 1012 2799 fabula
1059 2738 1122 2798 et
1167 2734 1529 2817 exemplum
1574 2734 1844 2797 duarum
1887 2733 2147 2797 urbium
2192 2731 2337 2796 fuit.

319 2818 395 2884 In
441 2826 622 2887 tanta
667 2824 1042 2889 confusione
1087 2826 1309 2906 captae
1362 2822 1641 2887 civitatis
1696 2843 1841 2886 cum
1892 2822 2018 2886 sibi
2065 2820 2337 2905 quisque

321 2912 694 2998 consuleret,
741 2934 960 2978 omnes
1006 2910 1086 2975 ab
1132 2912 1246 2975 illa
1290 2914 1543 2995 praeter
1588 2911 1957 2997 transfugas
2003 2911 2336 2995 fugerunt3
2364 2936 2420 2979 ω

495 3108 550 3155 11
589 3103 856 3158 Claudius
888 3105 960 3172 fr.
999 3108 1076 3159 80
1113 3104 1227 3158 Pet.

497 3268 530 3315 4
567 3262 836 3334 acciperis
874 3262 966 3333 (-is
1003 3280 1069 3317 ex
1105 3278 1163 3317 es
1200 3266 1267 3333 Π)
1303 3268 1405 3316 ΗΒ
1445 3265 1465 3333 Η
1507 3268 1537 3315 5
1574 3262 1821 3317 indicere
1858 3268 2010 3316 mu>
2046 3279 2181 3319 corr.
2220 3261 2296 3314 11⁸

317 3338 350 3386 Β
395 3332 601 3387 infimis
640 3341 682 3387 G
725 3334 958 3391 infirmis
1005 3340 1044 3387 0
1084 3335 1102 3403 ΙΙ
1144 3340 1175 3387 ’1
1214 3334 1398 3387 Multa
1452 3332 1626 3389 etiam
1665 3339 1721 3386 Π
1765 3338 1773 3404 Ι
1817 3334 1943 3389 ben.
2032 3350 2200 3389 enera
2246 3338 2288 3386 G

316 3409 378 3457 16
417 3404 564 3459 serui
602 3410 762 3462 erant
800 3411 954 3459 eu?
981 3408 998 3475 ΙΙ
1025 3410 1084 3458 17
1126 3407 1259 3460 ante
1285 3410 1396 3459 HE
1434 3408 1565 3459 ante
1603 3420 1662 3459 se
1690 3404 1814 3458 12²0
1839 3407 1858 3475 ΙΙ
1886 3410 1946 3459 18
2026 3403 2215 3460 omina
2240 3410 2295 3457 Μ

317 3482 381 3529 21
418 3476 685 3532 satiatum
719 3480 848 3531 1113
887 3479 906 3547 ΙΙ
947 3482 1018 3530 24
1057 3492 1087 3531 e
1125 3492 1225 3532 om.
1262 3482 1311 3529 Π
1349 3477 1495 3546 (add.
1534 3494 1602 3530 m.
1643 3478 1696 3547 1)
1732 3482 1787 3529 Μ
1828 3480 1836 3547 Ι
1876 3476 1947 3530 iis
1987 3484 2021 3531 ς
2059 3479 2079 3547 ΙΙ
2113 3482 2183 3530 25
2219 3476 2340 3546 pot.

317 3548 651 3618 suscepisset
685 3556 740 3605 Π
784 3553 802 3621 ΙΙ
847 3555 914 3603 27
953 3546 1138 3601 minus
1175 3546 1218 3619 (i
1253 3549 1318 3601 in
1352 3564 1460 3602 ras.
1498 3550 1566 3617 N)
1603 3554 1642 3600 0
