2610 3920
658 232 754 285 DE
792 230 1192 286 BENEFIOIIS
1228 231 1362 285 LIB.
1399 232 1492 287 IV.
1533 230 1686 286 OAP.
1725 239 1809 286 22.
1850 238 1918 286 23
2177 233 2304 298 105

276 379 479 461 tuere,
524 398 607 440 an
650 377 731 441 ad
776 376 968 440 istam
1013 376 1351 461 virtutem,
1395 399 1557 461 quae
1595 399 1780 461 saepe
1826 381 1970 442 tuta
2014 399 2086 441 ac
2129 377 2306 442 facili

278 464 491 529 aditur
527 465 653 551 via,
697 465 891 529 etiam
935 486 1051 549 per
1088 487 1242 530 saxa
1288 470 1353 530 et
1399 487 1591 549 rupes
1639 470 1704 530 et
1748 465 1905 530 feris
1943 487 2016 530 ac
2052 487 2305 550 serpen-

274 552 453 618 tibus
510 553 845 620 obsessum
899 554 1023 618 iter
1075 553 1277 619 fueris
1331 555 1560 618 iturus.
1659 552 1814 619 Non
1866 555 2010 619 ideo
2066 576 2180 639 per
2237 577 2304 620 se
2340 574 2374 620 4

272 663 410 706 non
452 646 551 706 est
598 642 1039 728 expetendum,
1086 643 1189 707 cui
1236 643 1480 726 aliquid
1535 646 1715 708 extra
1760 664 2014 727 quoque
2061 643 2303 708 emolu-

222 758 249 798 5
276 731 481 795 menti
526 730 851 816 adhaeret3
894 730 1029 796 fere
1074 732 1245 796 enim
1280 731 1708 815 pulcherrima
1751 753 2040 816 quaeque
2077 733 2302 797 multis

278 823 343 882 et
390 819 766 885 adventiciis
813 820 1117 884 comitata
1164 825 1317 884 sunt
1363 815 1642 906 dotibus,
1688 821 1800 886 sed
1834 820 1980 885 illas
2017 821 2304 908 trahunt,

273 908 418 991 ipsa
461 907 865 991 praecedunt.
1048 909 1053 914 ’

450 994 627 1061 Num
655 997 921 1061 dubium
950 1001 1069 1081 est,
1106 997 1264 1081 quin
1289 997 1413 1061 hoc
1447 997 1711 1062 humani
1747 998 1999 1081 generis
2029 997 2227 1062 domi·
2266 1016 2294 1063 1
2325 1010 2514 1065 XXIII

272 1083 493 1150 cilium
538 1086 911 1150 circumitus
958 1085 1114 1150 solis
1152 1107 1226 1150 ac
1259 1085 1451 1150 lunae
1487 1086 1732 1151 vicibus
1771 1087 1904 1151 suis
1941 1087 2299 1170 temperet?

189 1202 246 1241 ιο
274 1173 434 1257 quin
478 1174 743 1238 alterius
790 1174 999 1239 calore
1044 1174 1300 1239 alantur
1337 1196 1623 1261 corpora,
1667 1179 1877 1241 terrae
1917 1174 2303 1262 relaxentur,

270 1262 577 1327 inmodici
614 1284 868 1327 umores
906 1262 1411 1349 conprimuntur,
1445 1263 1791 1349 adligantis
1820 1264 2036 1328 omnia
2067 1263 2299 1329 hiemis

272 1350 546 1415 tristitia
580 1351 939 1437 frangatur,
976 1352 1241 1416 alterius
1277 1356 1502 1435 tepore
1536 1353 1777 1417 efficaci
1815 1357 1880 1417 et
1914 1352 2302 1436 penetrabili

271 1443 534 1524 regatur
558 1441 899 1504 maturitas
933 1440 1243 1526 frugum?
1290 1441 1450 1524 quin
1477 1440 1555 1505 ad
1581 1440 1776 1505 huius
1803 1463 2061 1506 cursum
2086 1441 2301 1506 fecun—

274 1527 443 1592 ditas
469 1527 751 1594 humana
776 1529 1203 1613 respondeat?
1240 1529 1400 1613 quin
1425 1529 1536 1594 ille
1565 1551 1804 1594 annum
1832 1530 2301 1595 observabilem

190 1645 243 1686 15
271 1615 497 1681 fecerit
560 1618 950 1683 circumactu
1014 1639 1159 1701 sue,
1229 1617 1386 1682 haec
1458 1640 1743 1683 mensem
1806 1618 2166 1683 minoribus
2230 1641 2300 1684 se

272 1705 501 1789 spatiis
539 1706 845 1772 flectens?
917 1705 1010 1772 Ut
1045 1710 1266 1770 tamen
1297 1706 1599 1772 detrahas
1636 1708 1781 1794 ista,
1813 1729 1948 1773 non
1983 1711 2120 1771 erat
2156 1708 2298 1792 ipse
2335 1726 2366 1774 2

272 1792 371 1858 sol
414 1794 719 1860 idoneum
764 1795 967 1860 oculis
1024 1795 1460 1879 spectaculum
1503 1795 1864 1881 dignusque
1907 1795 2186 1881 adorari,
2243 1797 2300 1861 si

270 1886 527 1948 tantum
553 1885 981 1969 praeteriret?
1011 1906 1159 1952 ‚non
1186 1888 1325 1949 erat
1353 1884 1548 1972 digna
1575 1888 1875 1970 suspectu
1902 1884 2076 1973 luna,
2103 1885 2298 1949 etiam

275 1972 331 2035 si
368 1974 651 2037 otiosum
688 1973 864 2039 sidus
901 1975 1410 2039 transcurreret?
1481 1972 1629 2059 Ipse
1663 1975 1962 2061 mundus,
2001 1975 2300 2059 quotiens

190 2090 244 2130 20
271 2082 385 2144 per
428 2066 682 2127 noctem
736 2063 921 2149 ignes
979 2084 1129 2127 suos
1184 2062 1354 2127 fudit
1408 2066 1473 2127 et
1527 2067 1781 2129 tantum
1827 2064 2164 2128 stellarum
2206 2064 2299 2128 in-

270 2151 765 2215 numerabilium
801 2152 1078 2236 refulsit,
1115 2173 1304 2235 quem
1340 2173 1474 2216 non
1506 2152 1830 2217 intentum
1866 2152 1938 2217 in
1973 2174 2042 2217 se
2077 2153 2299 2218 tenet?

273 2237 418 2321 quis
482 2239 606 2303 sibi
669 2239 783 2305 illa
835 2245 1018 2327 tunc,
1080 2261 1225 2304 cum
1280 2240 1582 2324 miratur,
1642 2241 1944 2323 prodesse
2008 2241 2298 2327 cogitat?

271 2324 549 2410 Adspice
592 2327 720 2392 ista
762 2332 947 2394 tanto
995 2351 1267 2412 superne
1313 2333 1500 2393 coetu
1542 2329 1846 2418 labentia,
1891 2330 2294 2414 quemadmo-
2333 2348 2364 2394 3

273 2414 426 2478 dum
460 2415 864 2482 velocitatem
912 2440 1095 2482 suam
1142 2417 1261 2482 sub
1312 2418 1519 2503 specie
1561 2418 1797 2483 stantis
1835 2423 2028 2503 atque
2063 2419 2296 2482 inmoti

190 2531 243 2572 25
274 2504 487 2587 operis
544 2504 953 2571 abscondant.
1046 2505 1373 2582 Quantum
1427 2507 1555 2571 ista
1598 2511 1815 2593 nocte,
1872 2530 2065 2591 quam
2109 2510 2184 2570 tu
2228 2506 2299 2569 in

269 2611 611 2656 numerum
648 2615 720 2658 ac
755 2594 1095 2662 discrimen
1130 2594 1378 2659 dierum
1410 2596 1730 2679 observas,
1767 2595 2009 2681 agitur!
2057 2598 2298 2679 quanta

270 2702 488 2745 rerum
532 2681 726 2747 turba
770 2684 889 2748 sub
926 2684 1050 2748 hoc
1087 2683 1347 2749 silentio
1389 2684 1733 2749 evolvitur!
1781 2687 2090 2768 quantam
2132 2683 2296 2748 fato-

266 2790 414 2833 rum
479 2769 707 2834 seriem
762 2775 972 2837 certus
1024 2772 1207 2838 limes
1262 2773 1501 2838 educit!
1589 2771 1725 2836 Ista
1733 2767 1766 2857 ‚'
1817 2794 1978 2856 quae
2031 2776 2106 2836 tu
2163 2793 2296 2837 non
2331 2791 2365 2837 4

268 2857 484 2946 aliter,
531 2878 723 2942 quam
769 2860 839 2925 in
885 2860 1175 2926 decorem
1223 2883 1445 2946 sparsa
1490 2861 1852 2926 consideras
1864 2913 1881 2945 ,
1927 2860 2184 2946 singula
2227 2862 2298 2926 in

443 3093 472 3139 1
508 3090 633 3142 tuto
661 3088 790 3141 ΗΒΕ
822 3090 830 3159 Ι
862 3087 1031 3143 facile
1058 3088 1128 3159 (ἓ)
1156 3095 1205 3141 Π
1276 3094 1312 3142 8
1347 3086 1538 3142 aditur
1562 3087 1654 3141 via
1685 3088 1848 3144 Gertz
1885 3088 2092 3142 datura
2127 3088 2225 3142 uia
2254 3095 2296 3142 G

267 3158 502 3213 daturus
533 3164 570 3212 0
609 3159 799 3214 aditur
824 3160 901 3212 ΠΒ
936 3162 945 3229 Ι
970 3164 1006 3213 4
1033 3160 1171 3227 quia
1257 3204 1267 3213 .
1309 3160 1453 3231 Wsy.
1484 3161 1503 3229 ΙΙ
1531 3164 1561 3211 5
1590 3159 1799 3213 multas
1828 3159 1901 3211 Β*
1926 3160 1944 3228 ΙΙ
1972 3166 2003 3213 7
2033 3158 2157 3229 ipse
2185 3160 2259 3213 13¹
2283 3159 2291 3232 Ι

264 3230 578 3300 procedunt
616 3236 708 3283 GP
747 3233 766 3301 ss
806 3235 839 3284 8
932 3248 1005 3286 on
1034 3237 1125 3284 GP
1164 3234 1183 3298 ΙΙ
1223 3236 1257 3283 9
1294 3229 1560 3285 circuitus
1587 3230 1765 3311 ⁸²91*
1805 3232 1824 3301 ΙΙ
1863 3235 1926 3284 18
1960 3233 2073 3300 tep.
2114 3232 2298 3312 §super

263 3303 875 3443 ffv'sssnastzfffifffs
893 3302 1138 3427 ⁰122&ssss
1149 3307 1360 3426 2⁰⁷&
1391 3304 1524 3443 ‘r'as'ss
1555 3306 1618 3425 ἒξ
1653 3304 2163 3443 ,ἷεῖἓωηέἒεῖηῗέἷ
2199 3302 2284 3443 ἓΙ

263 3448 335 3496 88
362 3442 725 3499 commiratur
750 3449 791 3497 1*
817 3446 837 3513 ΙΙ
863 3449 932 3497 83
960 3443 1097 3516 ista]
1126 3460 1197 3498 ue
1249 3446 1406 3498 astra
1420 3445 1496 3497 15⁸
1521 3447 1540 3515 ΙΙ
1567 3449 1635 3497 85
1669 3442 1952 3509 Quantum
1979 3464 2021 3497 ω
2050 3443 2293 3511 quantus

267 3519 304 3566 0
337 3514 347 3585 ι
378 3531 549 3582 quam
574 3517 639 3569 tu
658 3536 702 3569 ω
730 3517 1006 3583 quantum
1026 3520 1063 3568 0
1090 3516 1109 3585 ΙΙ
1135 3520 1207 3569 86
1234 3515 1412 3585 igitur
1440 3521 1482 3568 G
1513 3518 1521 3586 1
1553 3518 1830 3584 quantum
1856 3515 1924 3567 ΡΙ
1950 3516 1968 3582 ΙΙ
1994 3519 2063 3566 88
2093 3512 2294 3566 educet

270 3589 307 3637 0
344 3602 478 3641 corr.
516 3584 592 3638 Ρ
636 3588 655 3655 ΙΙ
699 3591 771 3640 89
806 3585 1069 3640 indecore
1108 3591 1145 3639 0
1183 3602 1320 3641 corr.
1360 3607 1403 3641 ω
