2610 3920
286 207 375 272 60
918 207 978 260 L.
1016 204 1303 260 ANNAEI
1339 203 1667 260 SENECAE

284 355 613 437 negasset:
657 352 890 418 horum
938 350 1256 437 quomodo
1303 350 1495 415 iudex
1539 351 1734 415 inibit
1778 350 2312 438 aestimationem,

288 462 435 505 cum
490 462 699 506 sermo
756 444 821 506 et
875 439 1196 505 dubitatio
1252 444 1320 504 et
1363 439 1580 505 voltus
1623 439 1841 505 meriti
1885 439 2160 525 gratiam
2204 439 2310 503 de-

288 528 585 594 struant?

178 629 261 684 IX
291 634 319 681 1
464 616 650 705 Quid,
686 616 861 703 quod
892 617 1200 701 quaedam
1235 617 1544 682 beneficia
1570 622 1898 703 vocantur,
1925 616 2076 701 quia
2109 616 2309 681 nimis

288 706 843 792 concupiscuntur,
887 705 1196 791 quaedam
1230 727 1365 770 non
1401 710 1554 771 sunt
1591 728 1667 770 ex
1712 706 1833 771 hac
1866 705 2117 790 volgari
2151 709 2311 770 nota
2368 732 2400 773 5

218 813 250 861 2
284 795 403 860 'sed
461 795 731 881 maiora,
804 795 997 860 etiam
1060 795 1117 859 si
1179 795 1394 859 minus
1457 795 1811 880 adparent?
1917 793 2309 860 Beneficium

292 905 476 949 vocas
542 883 787 950 dedisse
851 884 1137 969 potentis
1191 883 1416 968 populi
1469 884 1822 968 civitatem,
1884 884 1954 948 in
2008 886 2310 967 quatuor-

289 972 493 1038 decim
537 972 873 1038 deduxisse
918 976 983 1037 et
1024 971 1379 1036 defendisse
1413 973 1643 1058 capitis
1680 994 1886 1057 reum3
1931 972 2088 1056 quid
2120 972 2311 1036 utilia

290 1062 611 1127 suasisse?
703 1062 856 1146 quid
901 1061 1267 1146 retinuisse,
1314 1082 1397 1125 ne
1440 1062 1510 1125 in
1555 1061 1761 1127 scelus
1805 1062 2063 1126 rueret?
2155 1060 2310 1145 quid

291 1150 577 1237 gladium
604 1150 956 1215 excussisse
990 1149 1354 1215 morituro?
1426 1150 1579 1236 quid
1616 1150 1982 1215 efficacibus
2013 1150 2309 1214 remediis
2340 1175 2398 1216 10

288 1240 615 1325 lugentem
662 1242 745 1325 et,
786 1259 948 1323 quos
992 1238 1411 1323 desiderabat,
1445 1239 1767 1304 volentem
1806 1239 1990 1323 sequi
2025 1235 2310 1303 advitae

289 1328 630 1392 consilium
694 1327 1068 1392 reduxisse?
1141 1327 1297 1412 quid
1357 1328 1677 1392 adsedisse
1745 1349 1936 1412 aegro
2005 1330 2098 1413 et,
2165 1348 2312 1392 cum

289 1416 586 1481 valetudo
642 1416 779 1481 eius
835 1438 908 1481 ac
962 1417 1135 1482 salus
1186 1416 1533 1482 momentis
1588 1420 1941 1502 constaret,
1992 1416 2312 1500 excepisse

290 1505 519 1569 idonea
573 1503 717 1570 cibo
772 1509 1063 1589 tempora
1117 1508 1182 1570 et
1236 1505 1531 1570 cadentes
1576 1527 1772 1570 venas
1817 1505 1968 1570 vino
2016 1504 2311 1569 refecisse

216 1610 251 1660 3
290 1598 355 1658 et
390 1593 705 1658 medicum
743 1593 1082 1659 adduxisse
1108 1594 1455 1659 morienti?
1518 1593 1694 1659 Haec
1725 1595 1870 1678 quis
1898 1592 2308 1658 aestimabit?
2340 1619 2396 1661 ιε

292 1682 437 1767 quis
492 1682 911 1747 dissimilibus
966 1682 1291 1747 beneficiis
1345 1683 1594 1748 iubebit
1647 1683 1954 1748 beneficia
2007 1681 2310 1768 pensari?

289 1770 583 1858 „Donavi
637 1770 759 1835 tibi
816 1769 1109 1835 domum“
1120 1797 1135 1857 3
1190 1772 1301 1836 sed
1357 1793 1477 1857 ego
1532 1777 1713 1837 tuam
1767 1794 1964 1857 supra
2016 1776 2081 1836 te
2125 1792 2310 1835 ruere

288 1860 593 1945 praedixi.
681 1857 884 1944 „Dedi
929 1859 1053 1924 tibi
1095 1859 1593 1944 patrimonium“
1603 1887 1620 1947 3
1673 1861 1783 1926 sed
1829 1881 1949 1946 ego
1994 1859 2310 1945 naufrago

289 1948 594 2014 tabulam.
680 1947 1009 2035 „Pugnavi
1053 1972 1172 2034 pro
1217 1952 1283 2015 te
1330 1953 1395 2015 et
1439 1950 1700 2015 volnera
1744 1948 2023 2035 excepi“;
2076 1951 2145 2015 at
2190 1970 2310 2034 ego

289 2038 492 2102 vitam
536 2038 659 2102 tibi
706 2038 961 2104 silentio
1007 2039 1167 2104 dedi.
1240 2036 1404 2105 Cum
1452 2039 1640 2105 aliter
1684 2039 2060 2104 beneficium
2107 2038 2312 2123 detur,
2339 2065 2400 2105 ao

292 2126 480 2192 aliter
524 2127 845 2214 reddatur,
890 2128 1073 2213 paria
1115 2128 1324 2193 facere
1370 2128 1628 2193 difficile
1675 2132 1792 2193 est.

180 2227 237 2283 X
262 2236 283 2281 1
467 2214 623 2282 Dies
652 2221 979 2300 praeterea
1009 2216 1318 2282 beneficio
1345 2217 1663 2282 reddendo
1690 2238 1821 2282 non
1859 2217 2108 2300 dicitur,
2148 2216 2316 2280 sicut

292 2304 600 2389 pecuniae
646 2305 944 2389 creditae3
990 2306 1209 2390 itaque
1254 2309 1491 2393 potest,
1537 2307 1648 2390 qui
1690 2306 1974 2371 nondum
2017 2304 2314 2389 reddidit,

289 2394 565 2458 reddere.
665 2391 788 2458 Dic
840 2394 1036 2479 enim,
1099 2395 1272 2459 intra
1332 2395 1504 2480 quod
1565 2399 1817 2479 tempus
1882 2394 2312 2479 deprendatur

219 2501 253 2550 2
290 2483 603 2568 ingratus.
693 2480 979 2547 Maxima
1030 2483 1339 2549 beneficia
1382 2483 1826 2567 probationem
1871 2505 2004 2548 non
2051 2482 2310 2567 habent,
2339 2508 2393 2550 π

292 2593 479 2656 saepe
542 2572 716 2637 intra
769 2572 1034 2637 tacitam
1088 2572 1362 2637 duorum
1415 2572 1870 2637 conscientiam
1932 2572 2163 2656 latent3
2227 2593 2310 2635 an

288 2660 413 2725 hoc
474 2661 863 2747 inducimus,
925 2664 999 2725 ut
1060 2682 1193 2726 non
1254 2662 1476 2747 demus
1539 2661 1846 2726 beneficia
1909 2661 2048 2725 sine
2100 2660 2310 2726 teste?

216 2769 253 2817 3
292 2746 494 2825 Quam
531 2749 756 2814 deinde
789 2771 1060 2834 poenam
1097 2750 1370 2836 ingratis
1397 2749 1893 2815 constituimus?
1957 2771 2152 2813 unam
2179 2770 2311 2813 om-

289 2837 501 2921 nibus,
546 2860 689 2903 cum
735 2838 1015 2922 disparia
1060 2838 1236 2903 sint?
1310 2838 1717 2923 inaequalem
1748 2842 1814 2904 et
1847 2861 1965 2923 pro
2004 2839 2312 2922 cuiusque

290 2926 597 2991 beneficio
662 2928 997 3015 maiorem,
1058 2928 1413 2993 minorem?
1503 2925 1670 3014 Age,
1739 2928 1913 2993 intra
1974 2927 2310 3013 pecuniam
2340 2953 2396 2993 so

468 3143 496 3190 1
531 3136 740 3192 inibita
772 3138 848 3190 11¹
900 3139 920 3206 ΙΙ
974 3144 1005 3190 7
1042 3136 1286 3207 petentis
1325 3143 1368 3190 G
1421 3140 1439 3208 ΙΙ
1493 3144 1524 3193 9
1561 3141 1781 3194 reueret
1815 3139 1891 3191 ΠΙ
1934 3141 1954 3208 ΙΙ
1996 3143 2052 3190 11
2088 3154 2228 3205 quos
2264 3143 2313 3189 11

290 3208 443 3279 quod
478 3213 534 3261 Π
569 3226 679 3290 quo
715 3208 840 3262 11²0
877 3210 897 3279 ΙΙ
931 3213 993 3261 13
1028 3208 1299 3264 momenti
1335 3210 1410 3262 11¹
1445 3212 1468 3333 q
1498 3215 1561 3263 16
1597 3208 1819 3264 uidebit
1853 3214 1909 3262 Π
1934 3212 1952 3279 ΙΙ
1980 3215 2038 3262 17
2077 3207 2317 3263 donauit

290 3288 341 3337 et
375 3286 436 3333 18
476 3279 635 3335 dedit
673 3285 710 3333 ο
745 3296 883 3335 corr.
921 3279 1113 3335 Haase
1141 3283 1159 3363 [l
1193 3286 1256 3335 19
1291 3280 1449 3335 tabel
1475 3297 1565 3334 am
1599 3285 1655 3333 Π
1685 3282 1694 3349 Ι
1725 3280 1978 3351 pugnabi
2013 3285 2062 3332 Π
2095 3296 2316 3350 pugna-

288 3352 377 3406 uit
412 3351 535 3405 1⁸²0
569 3355 577 3422 1
610 3350 857 3421 excipiat
881 3356 930 3403 Π
966 3367 1159 3422 excepi
1196 3355 1257 3407 at
1290 3352 1367 3404 11²
1403 3351 1514 3422 ·pit
1549 3354 1610 3406 at
1646 3357 1683 3405 ο
1712 3354 1829 3423 1124
1864 3350 2317 3422 deprehendatur

287 3422 585 3477 mnan?
638 3426 658 3495 ΙΙ
701 3429 770 3477 28
809 3421 1210 3478 constituemus
1248 3423 1524 3479 Matthias
1572 3426 1580 3493 Ι
1628 3439 1742 3477 una
1776 3423 1851 3475 11¹
1894 3425 1913 3494 ΙΙ
1957 3427 2027 3476 29
2063 3421 2318 3492 disparia

290 3493 651 3569 (beneficia)
680 3515 722 3549 ω
755 3496 764 3565 Ι
797 3511 868 3549 an
907 3494 1165 3562 equalem
1190 3499 1245 3547 Π
1284 3510 1358 3548 an
1393 3494 1452 3548 in
1489 3494 1746 3563 equalem
1777 3499 1868 3548 GP
1894 3496 1913 3564 11
1940 3499 2009 3547 30
2043 3496 2316 3547 maiorem

286 3585 419 3623 mm.
460 3573 509 3620 Π
543 3585 614 3623 m.
657 3568 757 3621 aut
791 3565 923 3620 min.
964 3570 1001 3618 ο
