2610 3920
246 61 443 126 Hanc
480 61 713 145 aliquis
752 82 939 145 agere
968 61 1167 126 vitam
1206 62 1502 148 sustinet,
1536 85 1679 127 cum
1715 63 1902 128 liceat
1939 66 2270 129 innoxium

247 151 429 236 aliis,
496 151 579 214 ob
643 150 765 214 hoc
830 155 1151 234 securum,
1214 150 1492 214 salutare
1546 153 1874 234 potentiae
1929 154 2028 216 ius
2085 156 2268 218 laetis

248 239 555 304 omnibus
594 239 913 303 tractare?
976 238 1173 302 Errat
1201 239 1389 325 enim,
1425 240 1482 303 si
1510 240 1654 323 quis
1693 241 2017 304 existimat
2056 247 2270 306 tutum

248 349 393 392 esse
440 327 534 391 ibi
578 347 823 413 regem,
872 326 985 390 ubi
1030 327 1197 390 nihil
1244 350 1281 390 a
1325 347 1474 412 rege
1519 333 1732 392 tutum
1782 335 1906 414 est3
1962 333 2268 396 securitas

180 443 212 484 5
248 415 599 481 securitate
662 419 887 480 mutua
948 416 1321 499 paciscenda
1377 421 1490 482 est.
1587 415 1742 481 Non
1796 440 1954 501 opus
2014 425 2110 482 est
2178 422 2268 483 in·
2309 442 2337 488 6

248 512 499 570 struere
544 505 613 568 in
660 505 862 568 altum
906 504 1109 568 editas
1154 527 1330 568 arces
1365 527 1480 569 nec
1517 506 1585 568 in
1622 506 1994 570 adscensum
2036 511 2265 572 arduos

248 593 448 659 colles
496 594 781 657 emunire
824 614 941 656 nec
985 593 1189 657 latera
1222 594 1542 658 montium
1577 595 1916 680 abscidere,
1961 597 2144 659 multi
2155 599 2267 679 pli-

248 683 431 746 cibus
506 703 575 745 se
638 682 841 746 muris
904 682 1321 765 turribusque
1388 683 1658 767 saepire:
1733 683 1975 747 salvum.
2053 708 2266 768 regem

247 771 587 836 clementia
632 771 705 834 in
748 773 969 854 aperto
1015 770 1388 854 praestabit.
1469 769 1684 836 Unum
1731 776 1829 835 est
1874 771 2265 856 inexpugna-

148 889 213 926 10
247 859 379 924 bile
442 859 912 923 munimentum
978 880 1157 924 amor
1212 859 1464 924 civium.
1565 859 1731 936 Quid
1783 859 2109 944 pulchrius
2169 869 2264 925 est
2307 883 2332 926 τ

246 971 443 1032 quam
471 949 684 1012 vivere
722 948 1099 1031 optantibus
1137 948 1382 1011 cunctis
1416 953 1480 1012 et
1507 953 1659 1013 vota
1693 970 1826 1013 non
1852 950 1971 1013 sub
2005 952 2265 1013 custode

243 1036 816 1121 nuncupantibus?
855 1036 911 1099 si
946 1036 1211 1118 paulum
1238 1036 1536 1100 valetudo
1565 1038 1892 1122 titubavit,
1929 1060 2058 1102 non
2089 1061 2264 1121 spem

240 1122 582 1189 hominum
618 1125 901 1210 excitari,
944 1124 1054 1188 sed
1089 1125 1376 1189 metum?
1420 1124 1587 1188 nihil
1623 1147 1760 1190 esse
1797 1129 2093 1208 cuiquam
2131 1131 2256 1190 tam

243 1215 637 1298 pretiosum,
700 1213 872 1296 quod
936 1234 1065 1278 non
1129 1235 1247 1297 pro
1315 1213 1518 1278 salute
1582 1215 1892 1298 praesidis
1959 1217 2056 1278 sui
2123 1239 2262 1278 con-

148 1330 213 1369 15
241 1306 568 1367 mutatum
613 1302 814 1366 velit-‘i'
897 1300 950 1364 O
997 1323 1077 1365 ne
1123 1302 1251 1386 ille,
1297 1302 1401 1366 cui
1447 1302 1784 1388 contingit,
1827 1309 1898 1367 ut
1940 1304 2062 1366 sibi
2111 1327 2261 1386 quo-
2301 1325 2329 1368 s

243 1414 369 1475 que
396 1392 611 1455 vivere
647 1391 902 1475 debeat3
940 1391 1008 1454 in
1043 1391 1165 1454 hoc
1202 1391 1482 1454 adsiduis
1521 1391 1832 1455 bonitatis
1869 1394 2261 1474 argumentis

241 1481 551 1564 probavit
615 1501 747 1544 non
811 1502 945 1543 rem
1008 1479 1334 1562 publicam
1399 1501 1579 1543 suam
1642 1501 1806 1565 esse,
1869 1481 1976 1544 sed
2041 1503 2106 1543 se
2169 1483 2255 1544 rei

241 1569 554 1652 publicae.
630 1567 787 1644 Quis
824 1567 975 1630 huic
1013 1568 1239 1632 audeat
1287 1571 1533 1632 struere
1570 1568 1830 1652 aliquod
1865 1569 2259 1652 periculum?

154 1691 167 1701 ·
242 1659 391 1742 quis
439 1657 517 1720 ab
565 1657 689 1720 hoc
732 1677 884 1741 non,
929 1657 984 1720 si
1029 1657 1255 1740 possit,
1300 1656 1628 1720 fortunam
1675 1679 1929 1742 quoque
1977 1662 2259 1722 avertere

150 1775 209 1812 20
239 1745 421 1831 velit,
458 1745 577 1808 sub
606 1767 734 1828 quo
772 1745 1041 1829 iustitia,
1076 1767 1219 1827 pax,
1256 1744 1578 1828 pudicitia,
1617 1746 1942 1831 securitas,
1981 1747 2256 1830 dignitas

236 1836 493 1919 florent,
531 1835 647 1897 sub
679 1855 805 1918 quo
836 1834 1139 1917 opulenta
1168 1833 1392 1897 civitas
1421 1833 1602 1916 copia
1630 1833 1946 1899 bonorum
1975 1837 2257 1900 omnium

238 1921 566 1989 abundat?
613 1919 751 1987 Nec
776 1923 901 1987 alio
932 1923 1145 1987 animo
1170 1925 1481 1987 rectorem
1510 1944 1697 1986 suum
1723 1923 2031 2008 intuetur,
2052 1947 2258 2009 quam,

238 2014 296 2077 si
316 2013 381 2076 di
409 2011 781 2076 inmortales
808 2015 1194 2095 potestatem
1214 2012 1459 2075 visendi
1489 2012 1589 2075 sui
1614 2012 1870 2098 faciant,
1896 2014 2256 2077 intueamur

235 2102 615 2166 venerantes
634 2100 1054 2184 colentesque.
1102 2099 1267 2176 Quid
1296 2101 1553 2164 autem?
1580 2122 1712 2164 non
1737 2103 2102 2185 proximum
2125 2103 2253 2163 illis
2295 2126 2322 2167 s

154 2217 207 2257 25
234 2191 453 2255 locum
488 2192 668 2253 tenet
704 2189 781 2273 is,
808 2190 918 2272 qui
957 2211 1025 2253 se
1052 2211 1130 2253 ex
1158 2188 1421 2253 deorum
1448 2194 1679 2253 natura
1715 2190 1898 2273 gerit,
1935 2190 2252 2256 beneficus

237 2302 309 2343 ac
335 2280 557 2363 largus
588 2282 652 2341 et
680 2278 748 2341 in
776 2278 1005 2341 melius
1032 2278 1308 2361 potens?
1353 2276 1496 2341 Hoc
1516 2277 1850 2361 adfe'ctare‚
1865 2278 1986 2340 hoc
2014 2278 2253 2339 imitari

235 2368 435 2453 decet,
480 2367 832 2431 maximum
868 2367 963 2429 ita
997 2366 1241 2452 haberi,
1281 2370 1356 2429 ut
1401 2367 1682 2450 optimus
1729 2366 1920 2428 simul
1963 2366 2251 2427 habeare.

378 2560 707 2614 1a1.hancL
740 2562 747 2628 Ι
782 2574 1005 2628 agerem
1018 2564 1120 2611 NR
1140 2574 1399 2628 aegeram
1413 2558 1486 2610 ΒΞ
1504 2562 1747 2628 egr-amo
1777 2560 1795 2627 ΙΙ
1821 2557 1943 2609 2ab
1962 2557 2066 2608 hoe
2090 2558 2216 2609 Bhr.

232 2631 493 2701 potentia
519 2630 641 2685 eius
669 2636 707 2683 0
734 2632 753 2698 ΙΙ
782 2636 813 2682 3
844 2632 965 2683 erat
992 2630 1064 2681 13²
1089 2632 1109 2699 ΙΙ
1133 2636 1170 2683 4
1196 2631 1283 2684 est
1313 2636 1344 2681 S
1378 2630 1476 2682 sed
1505 2634 1542 2681 0
1573 2628 1648 2683 sit
1678 2628 1839 2683 Gertz
1865 2630 1884 2696 ΙΙ
1913 2633 1944 2677 5
1972 2630 2252 2695 pascenda,

236 2710 267 2755 8
322 2706 341 2773 ΙΙ
396 2708 429 2756 6
466 2702 651 2755 editas
689 2718 788 2755 om.
830 2707 861 2752 S
906 2704 925 2769 ΙΙ
969 2707 1031 2753 12
1067 2707 1105 2754 fi
1144 2700 1502 2769 culpantibus
1540 2707 1579 2752 L
1632 2703 1650 2769 Η
1704 2705 1764 2751 13
1804 2715 1861 2752 se
1903 2702 2114 2751 metum
2151 2705 2196 2749 N

232 2771 522 2841 nichilque
558 2775 733 2841 21114
771 2770 967 2824 salutis
1003 2777 1051 2823 H
1098 2773 1206 2825 -tes
1242 2775 1288 2822 R
1336 2770 1514 2825 salute
1553 2770 1639 2823 sui
1674 2789 1754 2839 pr.
1794 2776 1834 2821 Ρ
1867 2771 1874 2839 Ι
1906 2769 2168 2837 praesidii
2212 2777 2248 2820 L

234 2844 369 2898 -diis
397 2851 438 2897 Ε
466 2847 487 2913 ΙΙ
512 2848 573 2895 15
601 2842 773 2897 velit?
812 2842 930 2895 sine
960 2848 999 2893 L
1032 2845 1039 2913 Ι
1072 2841 1167 2896 ille
1186 2848 1225 2893 'l'
1253 2840 1352 2893 illo
1383 2846 1420 2893 0
1453 2844 1462 2909 Ι
1495 2840 1734 2910 contigit
1759 2847 1800 2893 Ε
1833 2846 1840 2907 Ι
1873 2844 1938 2893 ut
1965 2842 2088 2893 add.
2120 2844 2247 2893 Bhr.

233 2918 349 2985 (qui
395 2932 429 2969 o
474 2914 719 2982 felicem)
764 2912 845 2981 „0
891 2930 962 2967 ne
1008 2912 1095 2966 illi
1140 2910 1279 2979 quid'
1323 2910 1636 2980 contingat!
1696 2910 1805 2963 sibi
1844 2954 1854 2964 .
1897 2954 1907 2967 .
1949 2911 2136 2965 debet!
2181 2956 2190 2963 .
2236 2956 2243 2963 .

230 2987 315 3041 rei
352 2990 443 3055 p.“
484 2986 649 3040 Gertz
683 2984 979 3052 meritone,
1026 2983 1169 3035 illud
1215 2980 1305 3035 cui
1343 2998 1408 3049 c.‚
1448 2999 1486 3036 s.
1528 3000 1580 3049 q.
1609 3000 1656 3034 v.
1698 2982 1934 3036 debeat?
1982 2983 2247 3035 Schultess

233 3074 396 3112 omne
434 3056 585 3124 quod
623 3054 709 3108 illi
747 3073 790 3109 c.
831 3073 872 3109 s.
903 3072 954 3122 q.
995 3053 1213 3109 evenire
1241 3053 1508 3120 deputet?
1537 3052 1808 3107 Erasmus
1845 3070 1876 3106 o
1914 3069 1982 3105 ne
2020 3052 2117 3103 illo
2158 3050 2241 3102 cui

232 3128 497 3203 (coniti)
536 3126 799 3195 contigit,
847 3125 956 3179 sibi
1000 3126 1231 3179 Thomas
1275 3125 1294 3192 ΙΙ
1338 3129 1397 3177 17
1436 3122 1703 3192 probabit
1737 3124 1873 3178 Bm.
1917 3126 1937 3192 ss
1979 3128 2047 3174 20
2085 3121 2245 3173 uellit

230 3206 278 3252 H
314 3202 333 3270 ΙΙ
368 3205 431 3253 21
468 3198 691 3252 floreret
728 3204 759 3250 S
794 3200 813 3267 ΙΙ
848 3202 916 3249 23
954 3194 1328 3249 immortalem
1363 3200 1410 3246 N
1446 3198 1464 3263 ΙΙ
1500 3200 1570 3247 24
1605 3210 1840 3263 proxum
1874 3199 1922 3245 H
1949 3196 1967 3260 [1
2003 3199 2069 3243 26
2107 3193 2242 3242 haec

230 3270 325 3325 im.
356 3277 395 3322 L
429 3272 437 3341 Ι
472 3268 741 3323 aemulari
782 3269 943 3323 Gertz
987 3270 1005 3336 ΙΙ
1050 3272 1116 3320 27
1154 3266 1398 3319 habeare
1435 3270 1482 3319 N
1525 3265 1802 3318 habeatur
1839 3270 1876 3317 0

1826 3351 1926 3404 16*
