2610 3920
364 177 488 241 148
990 176 1052 232 L.
1090 175 1377 229 ANNAEI
1413 175 1738 230 SENECAE

359 321 559 407 enim,
613 321 668 384 si
712 321 783 384 in
826 321 950 386 hoc
991 343 1127 386 non
1170 321 1435 406 repetis,
1490 325 1562 385 ut
1617 321 1911 407 ingratus
1962 322 2100 386 sim.
2196 321 2404 405 Quid,

359 411 416 474 si
487 411 747 496 ignor0,
818 411 972 494 quid
1035 410 1397 475 desideres?
1479 411 1659 494 quid,
1730 411 1785 475 si
1850 411 2402 494 occupationibus

359 499 689 563 districtus
728 503 793 563 et
827 499 898 563 in
933 499 1058 563 alia
1095 502 1359 563 vocatus
1399 500 1793 564 occasionem
1828 521 1963 565 non
2000 499 2403 565 observavi?

289 605 320 652 2
359 588 622 652 ostende
658 587 837 673 mihi,
883 588 1038 672 quid
1073 589 1335 672 possim,
1382 589 1537 672 quid
1571 589 1747 654 velis.
1822 587 2030 665 Quare
2067 589 2402 673 desperes,

357 681 702 760 antequam
758 678 1074 760 temptes?
1146 699 1342 761 quare
1395 699 1702 761 properas
1757 681 1823 742 et
1877 677 2271 742 beneficium
2332 683 2401 742 et

354 765 624 829 amicum
667 766 973 850 perdere?
1019 766 1188 830 unde
1224 766 1370 852 scis,
1411 767 1617 830 nolim
1652 788 1736 831 an
1768 767 2082 851 ignorem,
2127 767 2399 832 animus

353 877 438 918 an
499 853 770 920 facultas
834 855 999 919 desit
1063 854 1269 919 mihi?
1334 853 1675 939 experire.“
1769 854 2147 920 Admonebo
2210 877 2397 942 ergo,

351 964 485 1008 non
521 966 751 1031 amare,
792 965 923 1008 non
960 944 1194 1028 palam,
1239 944 1379 1008 sine
1415 945 1722 1030 convici0,
1768 945 1877 1029 sic,
1920 948 1993 1008 ut
2034 966 2102 1008 se
2138 945 2398 1010 redisse

351 1031 421 1096 in
464 1033 857 1119 memoriam,
901 1054 1035 1098 non
1079 1032 1292 1096 reduci
1339 1037 1540 1117 putet.

145 1131 328 1186 XXIV
353 1139 380 1187 1
539 1121 812 1187 Causam
867 1121 1116 1187 dicebat
1170 1121 1339 1205 apud
1384 1122 1603 1186 divum
1647 1121 1885 1186 Iulium
1936 1144 2013 1186 ex
2058 1125 2395 1188 veteranis
2426 1155 2473 1192 ιο
2537 1157 2538 1160 “

353 1211 612 1294 quidam
656 1211 848 1294 paulo
887 1210 1228 1275 violentior
1266 1210 1568 1275 adversus
1603 1211 1849 1276 vicinos
1888 1233 2037 1275 suos
2076 1217 2141 1275 et
2190 1233 2396 1276 causa
2537 1219 2538 1224 ’

351 1300 776 1382 premebatur.
834 1299 1263 1385 „Meministi“
1288 1300 1522 1386 inquit,
1549 1300 1953 1386 „imperator‚
1980 1301 2051 1364 in
2067 1299 2401 1384 Hispania

353 1389 558 1452 talum
622 1389 967 1453 extorsisse
1029 1393 1095 1452 te
1157 1389 1325 1452 circa
1386 1388 1736 1454 Sucronem
1746 1388 1815 1452 ‘?“
1916 1386 2080 1453 Cum
2147 1387 2399 1454 Caesar

352 1477 718 1542 meminisse
755 1499 824 1542 se
859 1477 1153 1542 dixisset:
1200 1477 1591 1562 „Meministi
1628 1478 1883 1562 quidem
1932 1477 2053 1542 sub
2107 1479 2399 1562 quadam
2537 1557 2538 1560 Ἴ

357 1567 586 1631 arbore
629 1566 967 1630 minimum
1009 1566 1274 1631 umbrae
1313 1569 1654 1651 spargente
1690 1588 1837 1631 cum
1872 1566 2069 1630 velles
2106 1568 2397 1632 residere
2428 1598 2471 1638 15
2537 1633 2538 1656 1

366 1654 839 1720 ferventissimo
897 1654 1031 1720 sole
1087 1659 1152 1720 et
1208 1658 1377 1720 esset
1431 1656 1821 1740 asperrimus
1876 1656 2083 1740 locus,
2136 1657 2211 1720 in
2259 1679 2394 1741 quo
2537 1659 2538 1674 *

357 1765 434 1808 ex
480 1745 750 1828 rupibus
796 1745 1003 1809 acutis
1047 1744 1236 1808 unica
1280 1743 1395 1808 illa
1441 1745 1633 1808 arbor
1678 1748 2003 1828 eruperat,
2062 1745 2393 1828 quendam

285 1849 318 1897 2
358 1855 434 1896 ex
471 1833 1020 1898 commilitonibus
1057 1833 1397 1915 paenulam
1437 1854 1619 1897 suam
1647 1833 2076 1899 substravisse
2087 1833 2157 1898 ?“
2224 1831 2397 1898 Cum

356 1921 624 1987 dixisset
681 1919 941 1987 Caesar:
1007 1920 1280 2008 „Quidni
1332 1923 1777 1987 meminerim?
1842 1928 1907 1987 et
1964 1922 2223 2006 quidem
2280 1924 2397 1989 siti

354 2010 704 2096 confectuS,
750 2012 900 2096 quia
943 2011 1268 2095 inpeditus
1315 2012 1409 2076 ire
1447 2012 1527 2076 ad
1559 2012 1810 2077 fontem
1846 2013 2216 2096 proximum
2248 2034 2395 2078 non
2426 2044 2473 2083 ιο

353 2103 666 2182 poteram,
703 2121 922 2184 repere
949 2100 1248 2165 manibus
1275 2101 1592 2187 volebam,
1624 2102 1755 2165 nisi
1786 2101 2151 2187 commilito,
2188 2102 2395 2167 homo

352 2188 548 2252 fortis
624 2210 696 2252 ac
769 2192 1098 2275 strenuuS,
1169 2212 1401 2273 aquam
1473 2189 1633 2253 mihi
1708 2191 1777 2254 in
1847 2190 2031 2275 galea
2100 2212 2219 2254 sua
2288 2192 2396 2255 ad-

358 2274 652 2341 tulisset“
671 2315 774 2357 —‚
811 2276 1042 2364 „Potes
1072 2277 1265 2363 ergo“
1293 2278 1525 2364 inquit,
1562 2279 1966 2365 „imperaton
1998 2278 2397 2365 adgnoscere

356 2366 546 2431 illum
588 2366 914 2431 hominem
960 2372 1072 2431 aut
1117 2368 1297 2432 illam
1344 2368 1594 2453 galeam
1605 2366 1675 2432 ?“
1753 2366 1985 2432 Caesar
2020 2368 2113 2432 ait
2150 2390 2220 2432 se
2253 2390 2397 2434 non

357 2477 548 2539 posse
603 2455 853 2541 galeam
899 2456 1311 2543 adgnoscere,
1365 2456 1692 2521 hominem
1735 2456 2000 2541 pulchre
2044 2479 2265 2542 posse,
2327 2463 2393 2522 et
2422 2488 2472 2529 2⁶

360 2545 606 2629 adiecit,
653 2548 811 2629 puto
860 2546 1178 2631 obiratuS,
1227 2546 1401 2629 quod
1444 2568 1512 2610 se
1558 2568 1594 2609 a
1640 2546 2009 2631 cognitione
2051 2547 2261 2611 media
2311 2547 2394 2611 ad

288 2650 320 2698 3
357 2639 640 2699 veterem
692 2634 982 2699 fabulam
1039 2634 1405 2700 abduceret:
1461 2634 1597 2721 „Tu
1650 2635 1875 2719 utique
1932 2633 2042 2699 ille
2085 2657 2220 2700 non
2265 2638 2393 2700 es,“

2456 708 2478 747 υἱ

537 2832 570 2881 3
609 2826 908 2882 destrictus
947 2834 979 2881 Β
1011 2828 1020 2899 Ι
1053 2826 1226 2881 alim
1263 2834 1296 2880 8
1328 2826 1337 2899 Ι
1371 2829 1635 2882 avocatus
1675 2827 1837 2882 Gertz
1870 2828 1891 2896 n
1927 2832 1962 2880 4
1998 2827 2258 2896 desperes
2298 2834 2391 2881 Rs

363 2899 624 2968 desperas
660 2898 786 2952 11²0
813 2899 832 2969 ΙΙ
859 2906 890 2952 ’1
930 2915 1130 2969 expere
1166 2904 1214 2951 Ν
1240 2900 1260 2968 ΙΙ
1288 2904 1320 2950 8
1357 2898 1629 2952 redidisse
1655 2905 1697 2951 P
1721 2899 1741 2967 ΙΙ
1766 2904 1830 2951 10
1866 2898 2046 2951 filium
2073 2903 2111 2951 0
2149 2915 2289 2953 corr.
2320 2918 2389 2953 m.

359 2987 460 3025 rec.
498 2972 563 3023 in
596 2976 638 3022 P
675 2971 700 3051 fl
745 2974 800 3021 11
837 2976 1007 3024 causa
1046 2971 1115 3022 6¹
1161 2972 1180 3040 ΙΙ
1225 2975 1316 3038 123
1354 2974 1450 3038 283
1490 2974 1605 3038 149,
1635 2975 1666 3021 8
1703 2969 1843 3040 iffip.
1882 2975 1920 3023 0
1967 2971 1976 3039 Ι
2023 2968 2225 3039 spania
2258 2971 2340 3022 ΠΙ
2374 2978 2393 3043 ῃ

359 3046 421 3093 13
460 3042 519 3094 et
553 3042 782 3095 torsisse
818 3044 876 3094 te
903 3046 951 3093 R
983 3043 990 3111 Ι
1021 3043 1080 3095 te
1118 3056 1218 3096 om.
1256 3046 1300 3094 G
1331 3043 1339 3110 Ι
1372 3047 1653 3115 superone
1681 3045 1779 3093 PG
1816 3057 2156 3115 sucroginem
2181 3040 2249 3094 P¹
2286 3042 2389 3108 cfr.

361 3111 584 3167 Fickert
635 3112 656 3182 ΙΙ
707 3116 772 3164 14
806 3110 1152 3166 meministin
1198 3112 1365 3181 idem,
1408 3110 1596 3181 inquit
1634 3112 1793 3167 Grut.
1850 3114 1869 3183 11
1922 3117 1986 3165 16
2022 3111 2139 3166 sole
2172 3129 2275 3167 om.
2317 3113 2393 3165 ΠΙ

339 3182 512 3237 ‘unde
549 3181 818 3255 (sidere)
853 3182 991 3237 ferv.
1033 3184 1195 3239 Gertz
1221 3186 1240 3253 ΙΙ
1267 3188 1328 3235 18
1368 3182 1703 3237 substruisse
1738 3183 1813 3235 11¹
1840 3186 1947 3254 1119
1984 3182 2082 3237 siti
2118 3199 2219 3237 om.
2248 3189 2351 3236 PG
2374 3183 2393 3256 Η

364 3258 434 3305 20
474 3252 791 3306 confectum
817 3259 914 3305 PG
945 3256 953 3321 Ι
985 3253 1044 3306 in
1079 3254 1320 3323 pedibus
1348 3254 1483 3323 Lps.
1519 3254 1634 3309 iam
1668 3272 1723 3324 p.
1763 3255 2041 3310 Rossbach
2065 3256 2085 3324 ΙΙ
2111 3260 2175 3307 21
2209 3255 2392 3309 mani-

363 3323 474 3377 bus
510 3322 774 3377 uolebam
807 3322 1068 3377 manibus
1103 3324 1288 3379 milito
1326 3324 1605 3407 (pmilicio
1632 3328 1693 3396 P)
1727 3326 1895 3380 homo
1924 3332 1963 3380 0
1999 3344 2073 3381 m.
2100 3325 2214 3380 uol.
2243 3325 2393 3380 mili-

363 3393 479 3447 tius
516 3393 685 3447 homo
722 3399 765 3445 G
801 3410 938 3448 corr.
975 3415 1018 3447 ω
1064 3394 1175 3448 nisi
1211 3394 1419 3451 Militio
1455 3398 1635 3465 (Pinc.
1672 3400 1743 3466 et)
1778 3398 2055 3453 Rossbach
2088 3398 2107 3467 ΙΙ
2143 3402 2217 3450 22
2254 3400 2394 3453 ster-

365 3482 510 3518 nuus
546 3468 650 3516 RB
687 3465 982 3518 strennuus
1020 3470 1063 3516 G
1107 3468 1126 3534 ΙΙ
1170 3470 1238 3519 23
1275 3470 1464 3535 potest
1499 3468 1574 3520 11²
1626 3470 1645 3539 ss
1698 3473 1768 3521 25
1806 3484 2138 3539 cognoscere
2175 3474 2213 3522 0
2251 3486 2390 3524 corr.

367 3535 644 3590 Erasmus
686 3535 707 3603 ΙΙ
751 3538 822 3587 26
858 3533 1110 3588 obiratus
1146 3542 1194 3587 N
1239 3536 1312 3590 ob
1356 3537 1462 3591 hoc
1506 3538 1684 3593 iratus
1720 3538 1846 3593 11¹0
1896 3540 1903 3612 Ι
1954 3557 1989 3594 a
2024 3537 2280 3610 gnitione
2318 3542 2394 3593 ΠΙ
