2610 3920
630 219 727 274 DE
763 220 1161 276 BENEFICHS
1198 221 1332 276 LIB.
1371 222 1410 278 Ι.
1451 222 1603 278 CAP.
1645 229 1727 278 13.
1769 230 1835 279 14
2157 227 2238 292 19

217 365 467 430 cunctis
503 365 904 450 mortalibuS,
942 366 1185 430 oblitus
1220 389 1354 430 non
1388 367 1784 433 ferocissima
1819 372 2090 456 tantum,
2132 372 2241 436 sed

215 455 637 540 ignavissima
696 476 951 538 quoque
1004 455 1303 520 animalia
1357 456 1571 520 timeri
1627 458 1709 522 ob
1761 457 2001 523 malum
2045 460 2238 525 virus.

394 541 499 607 Ad
545 543 952 626 propositum
993 565 1164 608 nunc
1207 547 1620 610 revertamur.
1692 545 2082 612 Beneficium
2129 550 2240 633 qui
2263 569 2292 618 1
2323 564 2450 620 XIV

217 631 615 715 quibuslibet
662 631 790 718 dat,
831 631 995 696 nulli
1042 636 1299 718 gratum
1343 633 1478 718 dat3
1532 655 1719 699 nemo
1777 657 1845 699 se
1901 635 2240 702 stabularii

160 744 187 785 5
216 724 329 785 aut
400 720 705 804 cauponis
773 719 1098 804 hospitem
1157 721 1400 786 iudicat
1456 744 1574 787 nec
1629 725 1962 788 convivam
2027 726 2238 791 dantis

214 809 502 896 epulum,
555 808 670 873 ubi
716 809 839 873 dici
894 813 1136 892 potest:
1190 809 1396 896 „Quid
1440 811 1610 875 enim
1654 811 1724 876 in
1772 835 1874 876 me
1920 813 2239 878 contulit?

212 896 460 982 Nempe
495 897 636 983 hoc,
666 898 837 981 quod
873 902 938 962 et
974 898 1043 962 in
1080 898 1265 962 illum
1293 899 1405 963 vix
1441 898 1602 963 bene
1637 904 1869 965 notum
1905 901 2030 966 sibi
2067 906 2132 967 et
2168 903 2239 968 in

210 986 397 1050 illum
438 986 634 1050 etiam
668 986 999 1051 inimicum
1035 1009 1107 1051 ac
1144 987 1589 1070 turpissimum
1622 989 1962 1054 hominem.
2033 989 2234 1055 Num-

213 1074 369 1160 quid
426 1075 595 1139 enim
618 1113 627 1122 ·
648 1097 749 1139 me
805 1075 1071 1160 dignum
1116 1076 1467 1141 iudicavit?
1557 1078 1782 1142 morbo
1829 1099 1945 1142 suo
1991 1100 2235 1144 morem

128 1187 183 1227 10
212 1161 471 1248 gessit.“
560 1162 742 1238 Quod
786 1164 961 1228 voles
1020 1167 1280 1249 gratum
1325 1187 1492 1250 esse,
1550 1187 1766 1230 rarum
1825 1166 2027 1232 effice:
2089 1167 2234 1251 quis

212 1251 463 1335 patitur
509 1251 633 1315 sibi
686 1252 972 1335 inputari
1016 1253 1340 1335 volqaria‘?
1427 1253 1637 1319 Nemo
1689 1255 1846 1318 haec
1893 1255 1987 1319 ita
2038 1256 2230 1320 inter-
2270 1273 2302 1322 2

210 1342 520 1423 pretetur,
546 1343 872 1424 tamquam
898 1341 1196 1405 reducam
1230 1341 1683 1407 liberalitatem
1711 1346 1776 1407 et
1809 1343 2008 1408 frenis
2038 1345 2231 1409 artio-

210 1427 395 1492 ribus
430 1427 798 1514 reprimam3
840 1429 955 1494 illa
989 1451 1159 1514 verO,
1203 1430 1274 1494 in
1311 1435 1623 1514 quantum
1657 1431 1836 1518 libet,
1880 1437 2080 1519 exeat,
2117 1433 2229 1501 sed

212 1520 338 1600 eat,
375 1533 507 1580 non
544 1521 724 1581 erret.
797 1517 976 1582 Licet
1011 1519 1105 1583 ita
1139 1519 1383 1604 largiri,
1427 1523 1500 1584 ut
1542 1521 1998 1606 unusquisque,
2035 1521 2229 1585 etiam

126 1629 182 1670 15
213 1605 270 1669 si
326 1626 470 1669 cum
522 1605 745 1670 multis
802 1607 1069 1693 accepit,
1122 1607 1193 1671 in
1246 1607 1487 1691 populo
1545 1630 1611 1673 se
1666 1630 1805 1672 esse
1849 1630 1982 1674 non
2024 1612 2228 1692 putet.

214 1691 425 1758 Nemo
461 1715 594 1759 non
628 1694 864 1759 habeat
901 1695 1182 1779 aliquam
1216 1695 1599 1761 familiarem
1634 1700 1872 1782 notam,
1899 1719 2013 1781 per
2041 1719 2232 1781 quam
2267 1715 2299 1763 3

216 1787 428 1865 speret
466 1804 533 1848 se
568 1783 835 1867 propius
874 1783 1249 1869 admissum3
1294 1785 1488 1849 dicat:
1529 1783 1800 1872 „Accepi
1834 1785 2020 1872 idem,
2058 1787 2230 1870 quod

214 1869 344 1954 ille,
390 1872 502 1936 sed
546 1872 737 1937 ultro.
810 1869 1062 1956 Accepi,
1109 1873 1280 1956 quod
1326 1872 1462 1959 ille,
1509 1873 1617 1938 sed
1663 1894 1781 1959 ego
1826 1874 1998 1938 intra
2039 1875 2232 1941 breve

213 1962 486 2045 tempus,
514 1952 659 2026 cum
694 1960 805 2025 ille
833 1962 942 2026 diu
970 1963 1324 2027 meruisset.
1391 1960 1574 2048 Sunt,
1602 1964 1713 2047 qui
1739 1963 1908 2028 idem
1933 1963 2230 2052 habeant,

122 2074 181 2114 20
209 2049 320 2113 sed
362 2071 495 2114 non
540 2050 775 2115 eisdem
810 2050 1023 2115 verbis
1062 2051 1301 2137 datum,
1342 2072 1476 2115 non
1520 2052 1735 2116 eadem
1773 2053 2071 2117 comitate
2110 2054 2224 2118 tri-

206 2138 482 2203 buentis.
554 2136 672 2203 Ille
714 2140 972 2223 accepit,
1017 2162 1162 2204 cum
1206 2143 1520 2225 rogasset3
1567 2162 1685 2226 ego
1730 2162 1863 2204 non
1905 2162 2221 2226 rogaram.

206 2224 326 2291 Ele
380 2227 648 2314 accepit,
702 2228 812 2292 sed
862 2227 1048 2293 facile
1102 2228 1493 2314 reddituruS,
1547 2229 1657 2294 sed
1706 2229 1885 2293 cuius
1933 2234 2222 2295 senectus

206 2318 273 2379 et
316 2314 519 2380 libera
564 2315 807 2381 orbitas
852 2336 1087 2402 magna
1137 2316 1583 2404 promittebat3
1635 2317 1796 2381 mihi
1838 2316 1986 2400 plus
2031 2318 2221 2402 dedit,

206 2404 499 2487 quamvis
544 2404 711 2469 idem
756 2405 1016 2489 dederit,
1066 2406 1217 2489 quia
1262 2406 1401 2470 sine
1447 2428 1559 2489 spe
1603 2405 1947 2489 recipiendi
1993 2406 2222 2471 dedit.“

119 2517 177 2559 25
207 2491 755 2567 Quemadmodum
816 2494 1119 2559 meretrix
1180 2494 1275 2559 ita
1328 2494 1497 2559 inter
1550 2495 1790 2560 multos
1844 2516 1912 2559 se
1965 2494 2223 2580 dividet,
2257 2512 2294 2560 4

384 2726 420 2773 2
456 2720 607 2774 uiros
633 2720 708 2771 ΠΙ
734 2722 753 2790 ΙΙ
780 2726 811 2773 3
841 2720 991 2789 quod
1028 2737 1080 2788 q.
1120 2720 1287 2775 datur
1312 2726 1367 2773 Π
1393 2724 1411 2791 ΙΙ
1438 2726 1473 2773 4
1499 2739 1590 2791 gr.
1630 2721 1731 2775 dat
1759 2721 1922 2777 Gertz
1957 2740 2037 2791 gr.
2067 2724 2156 2776 est
2183 2728 2222 2777 0

201 2792 458 2859 praestat
482 2792 536 2845 J.
560 2792 796 2845 Mueller
831 2791 928 2859 qui
964 2792 1133 2847 deleto
1170 2791 1367 2845 datum
1401 2809 1501 2847 scr.
1531 2792 1758 2848 Skutsch
1789 2795 1796 2861 Ι
1830 2792 1912 2863 se]
1950 2792 2098 2847 enim
2123 2799 2178 2846 Π
2209 2794 2219 2867 1

199 2860 479 2916 stabulari
508 2865 607 2915 aut
634 2861 801 2933 (-aria
827 2863 893 2915 ut
916 2867 985 2931 R)
1013 2862 1240 2932 coponis
1267 2863 1397 2917 ⁸¹3
1423 2865 1442 2933 ΙΙ
1469 2869 1499 2917 ⁷
1532 2866 1590 2917 et
1614 2861 1677 2917 in
1702 2862 1864 2917 illum
1890 2869 1938 2915 Π
1972 2863 2033 2917 in
2059 2864 2221 2918 illum

197 2932 259 2985 et
288 2937 325 2985 0
354 2935 373 3002 ΙΙ
399 2938 455 2984 11
481 2932 575 2985 vul
618 2931 738 2985 aria
765 2932 892 2987 add.
924 2954 967 2987 ω
1000 2932 1442 3007 θῆίοθκᾳιιοᾶ)
1470 2932 1595 3002 quis
1625 2976 1636 2987 .
1671 2976 1682 2987 .
1710 2933 1961 3004 inputari
1988 2935 2178 2990 Haase

195 3003 305 3057 hoc
323 3008 379 3055 M
404 3005 425 3073 ΙΙ
450 3008 513 3056 12
538 3002 583 3055 li
624 3006 861 3057 ertatem
879 3004 947 3056 (³¹
979 3006 987 3073 Ι
1021 3003 1322 3059 artioribus
1351 3025 1392 3058 ω
1423 3003 1730 3059 acrioribus
1747 3010 1802 3057 u
1831 3004 2124 3060 altioribus
2146 3007 2210 3079 01

196 3079 261 3127 18
300 3075 483 3143 exeat,
519 3074 733 3141 redeat,
767 3091 879 3129 non
914 3080 969 3127 Π
1008 3077 1028 3145 ΙΙ
1067 3081 1129 3128 15
1168 3091 1227 3129 se
1264 3092 1366 3131 om.
1395 3076 1466 3127 ΠΙ
1499 3076 1508 3147 Ι
1539 3077 1699 3144 potet
1735 3076 1809 3127 Nl
1834 3078 1943 3147 {116
1978 3076 2153 3131 habet
2181 3083 2220 3132 0

195 3161 336 3201 corr.
376 3165 419 3199 ω
464 3146 483 3215 ss
526 3150 586 3198 1⁷
625 3144 880 3215 proprius
916 3146 991 3198 ΠΙ
1036 3148 1044 3217 Ι
1094 3146 1244 3201 idem
1282 3146 1352 3199 θ’
1387 3145 1525 3200 item
1563 3152 1600 3200 0
1645 3148 1664 3217 fl
1706 3152 1770 3199 19
1808 3151 1939 3201 sunt
1974 3146 2221 3216 quietem

196 3215 320 3284 (qui
359 3214 498 3269 item
533 3215 627 3285 ΙΨ)
655 3221 757 3269 ΠΒ
795 3219 925 3271 sunt
959 3217 1058 3286 qui
1095 3221 1153 3271 et
1192 3223 1283 3274 GP
1321 3217 1420 3271 sed
1456 3216 1554 3285 qui
1591 3220 1650 3272 et
1683 3217 1834 3273 idem
1869 3224 1924 3271 11
1957 3221 1976 3288 ΙΙ
2012 3224 2082 3272 20
2121 3218 2220 3273 sed

195 3303 297 3341 om.
328 3291 383 3338 u
415 3288 423 3357 Ι
456 3286 724 3341 comitare
750 3287 874 3341 5¹1²
911 3287 1145 3343 comitas
1203 3290 1345 3343 -ttas
1371 3288 1473 3359 Μ’)
1508 3288 1869 3343 retribuentis
1897 3295 1952 3342 11
1978 3292 1996 3360 ΙΙ
2022 3295 2086 3343 21
2121 3288 2219 3344 ille

194 3389 267 3397 —
305 3374 566 3427 rogaram
602 3376 701 3414 om.
739 3364 794 3411 Π
838 3359 847 3431 Ι
894 3358 1102 3429 accipit
1135 3365 1183 3411 Π
1250 3360 1257 3430 Ι
1301 3359 1400 3413 sed
1438 3376 1564 3413 cum
1602 3365 1644 3412 G
1685 3361 1693 3431 Ι
1733 3376 1994 3431 rogaram
2028 3361 2220 3415 Haase

194 3442 456 3499 rogarem
490 3434 640 3483 RBP
690 3432 749 3484 et
784 3446 911 3484 cum
944 3447 1011 3485 ss,
1040 3430 1116 3483 ΠΒ
1164 3446 1269 3501 ego
1309 3448 1436 3485 cum
1478 3447 1590 3484 non
1636 3447 1893 3502 rogarem
1951 3446 2054 3501 ego
2091 3447 2218 3485 cum

195 3500 401 3624 ggndzjn
412 3502 631 3624 “135032
656 3505 674 3571 ΙΙ
702 3506 771 3555 22
808 3500 1017 3571 accipit
1041 3502 1115 3553 ΠΙ
1147 3504 1155 3573 Ι
1188 3502 1287 3556 sed
1298 3512 1303 3517 “
1307 3504 1472 3572 prius
1498 3518 1597 3557 om.
1626 3508 1681 3555 Π
1708 3506 1726 3572 ΙΙ
1753 3508 1823 3556 24
1852 3502 1922 3555 de
1963 3503 2082 3555 eret
2106 3500 2218 3572 ΠἿΙ

345 3587 428 3623 1u1

1825 3660 1896 3715 2*
