2610 3920
1008 182 1421 237 PRAEFATIO
2109 183 2236 236 XXI

202 335 450 397 HGooll
494 336 591 394 Zu
624 335 843 394 Seneca
889 334 953 392 in
998 334 1277 393 Fleckeis.
1319 334 1518 393 annal.
1562 334 1685 392 125
1728 325 1960 414 (1882)
2006 355 2063 410 p.
2104 335 2230 395 865

200 424 490 494 Frflaase
536 423 631 484 vd.
680 426 742 483 et
788 423 1067 483 editionis
1114 423 1230 482 vol.
1278 422 1374 480 III
1417 422 1602 498 praef.
1651 421 1817 480 XXV

204 511 584 575 GHaeberlin
631 513 1007 587 Quaestiones
1054 514 1288 571 criticae
1331 515 1398 571 in
1434 512 1508 570 L.
1539 509 1614 571 A.
1641 510 1890 571 Senecae
1935 514 2005 571 de
2051 513 2229 586 benef.

338 605 517 664 libros
562 603 627 660 in
671 602 835 662 Mus.
882 602 1067 660 Rhen.
1117 602 1199 661 45
1250 591 1486 682 (1890)
1530 621 1588 676 p.
1631 603 1708 659 21

199 691 689 752 HHammelrath
754 690 1189 751 Granvmatisch
1203 722 1225 731 -
1241 690 1569 749 stilistische
1629 689 1908 764 Beitrdye
1977 707 2052 750 zu
2123 691 2235 750 den

327 781 709 856 prosaischen
753 778 1045 852 Schriften
1082 780 1183 838 des
1218 778 1293 837 L.
1322 775 1398 836 A.
1428 779 1645 838 Seneca
1683 778 2017 837 Emmerich
2061 780 2230 840 1895

202 871 487 946 MHaupt
530 870 810 944 opuscula
854 867 1095 944 Lipsiae
1146 862 1377 946 1875]ss

198 959 461 1020 LHavet
516 960 814 1019 Pararius
873 957 1200 1029 substantif
1244 957 1309 1014 in
1363 954 1582 1014 Archiv
1635 957 1739 1028 fiir
1793 956 2098 1030 Lexikoyr.
2153 959 2235 1016 10

200 1041 531 1197 ΕΗὲᾶὶοΙω
549 1040 780 1196 )Studia
805 1136 1178 1204 Bentleiana‚
1217 1136 1302 1193 ΙΙ
1323 1133 1539 1193 Seneca
1576 1134 1962 1193 Bentleianus
1997 1134 2234 1193 Freien·

334 1225 591 1286 waldiae
642 1227 809 1285 1899

202 1315 358 1374 Aem
369 1313 621 1374 Hermes
683 1314 1055 1388 Quaestiones
1116 1315 1348 1371 criticae
1405 1315 1471 1370 in
1529 1312 1603 1372 L.
1647 1309 1721 1370 A.
1764 1310 2014 1372 Senecae
2074 1315 2232 1387 epist.

338 1405 543 1463 moral.
577 1407 738 1476 part.
776 1403 861 1461 ΙΙ
898 1403 1168 1461 Meursae
1220 1403 1389 1460 1874

214 1525 290 1534 —-
342 1493 497 1551 Krit.
544 1491 987 1566 Bemerhwnyen
1044 1508 1121 1551 en
1179 1492 1291 1550 den
1348 1489 1635 1562 Schriften
1696 1491 1796 1548 des
1851 1491 2236 1564 Philosophen

337 1581 411 1642 L.
441 1578 516 1641 A.
545 1579 763 1640 Seneca
808 1582 870 1638 in
908 1579 1256 1652 Festschrift
1300 1580 1400 1638 des
1450 1577 1660 1652 Gymn.
1707 1596 1784 1638 zu
1818 1577 2022 1638 Moers
2063 1580 2230 1638 1896

202 1670 457 1729 MHertz
502 1670 808 1729 Miscellen
851 1669 916 1728 in
959 1669 1237 1728 Fleckeis.
1286 1686 1425 1727 amn.
1475 1669 1556 1726 93
1607 1659 1841 1749 (1866)
1889 1686 1945 1741 p
1987 1670 2113 1728 622
2256 1654 2272 1666 ’

201 1759 481 1836 AHoppe
540 1748 696 1819 Uber
754 1761 848 1818 die
904 1757 1160 1832 Sprache
1221 1759 1322 1816 des
1381 1757 1765 1830 Philosophen
1809 1756 2026 1816 Seneca
2072 1757 2118 1814 I
2156 1758 2241 1815 ΙΙ

337 1848 585 1907 Lauban
636 1849 1059 1923 187331877

206 1937 483 1998 CHosius
554 1937 842 1997 Laconas
910 1938 1036 1997 wnd
1106 1936 1324 1996 Seneca
1394 1935 1459 1993 in
1530 1934 1812 1995 Fleckeis.
1888 1953 2025 1996 ann.
2108 1937 2231 1995 145

200 2115 441 2195 Hssgen
488 2019 1043 2176 Animadversiones
1104 2116 1182 2173 ad
1236 2114 1311 2172 L.
1355 2112 1430 2172 A.
1474 2113 1722 2173 Senecae
1779 2116 1999 2187 scripta
2049 2113 2233 2173 Hom-

339 2205 492 2284 burg
542 2206 711 2264 1889

202 2295 244 2352 J
252 2294 295 2352 J
298 2294 545 2372 oehnng
588 2294 685 2355 De
718 2294 1155 2368 particularum
1211 2297 1293 2361 nt,
1353 2310 1444 2361 ne,
1500 2294 1660 2365 quin,
1720 2294 2028 2365 quominus
2074 2294 2236 2365 apud

338 2382 615 2454 Senecam
657 2386 718 2442 vi
762 2387 933 2457 atque
975 2400 1092 2441 usu
1135 2382 1200 2439 in
1242 2382 1471 2455 Praqer
1513 2381 1678 2441 Stad.
1732 2384 1763 2439 1
1817 2372 2054 2463 (1894)

202 2472 580 2531 HKlammer
622 2469 1177 2532 Animadversiones
1213 2467 1584 2530 Annaeanae
1622 2472 2041 2544 yrammaticae
2076 2469 2233 2528 Bon-

339 2580 452 2620 nae
503 2563 672 2622 1878

204 2682 295 2695 -·-
344 2650 719 2725 Quaestiones
762 2647 1133 2709 Annaeanae
1194 2648 1259 2707 in
1304 2648 1590 2723 Festyabe
1649 2649 1755 2720 fiir
1812 2647 1902 2706 W.
1947 2645 2235 2721 Crecelius

340 2739 647 2798 Elberfeld
694 2740 859 2799 1881
910 2758 968 2814 p.
1009 2739 1091 2798 54

203 2828 331 2886 HA
343 2827 510 2887 Koch
555 2828 650 2887 Zu
706 2828 923 2888 Seneca
986 2828 1056 2886 de
1119 2829 1418 2886 clementia
1480 2827 1544 2884 in
1588 2823 1866 2885 Fleckeis.
1916 2842 2053 2883 ann.
2105 2826 2228 2883 109

207 3039 291 3047 -
341 2908 437 3065 (Za
478 2910 726 3066 Seztecas
769 3006 1019 3079 Briefen
1062 3006 1203 3065 ibid.
1255 3008 1378 3063 111
1431 2995 1664 3085 (1875)
1708 3024 1768 3105 p.
1814 3004 1935 3063 715

208 3128 293 3135 -
345 3094 781 3155 Observationes
818 3097 1049 3155 criticae
1084 3098 1150 3155 in
1184 3095 1259 3154 L.
1288 3092 1365 3153 A.
1393 3093 1668 3152 Senecam
1703 3092 1768 3151 in
1799 3091 2231 3153 Gratulations-

339 3185 545 3256 schrift
584 3202 700 3243 von
744 3186 951 3258 Pforta
1002 3186 1172 3243 1874

206 3272 703 3333 BKruczkiewicz
767 3266 860 3355 (in
921 3274 1275 3333 recensenda
1333 3271 1556 3332 Gerbzii
1620 3264 1908 3353 editione)
1956 3272 2228 3333 Zeitschr.

338 3364 383 3435 f.
420 3364 475 3421 d.
522 3367 718 3423 o‘sterr.
769 3363 979 3439 Gymn.
1030 3364 1111 3422 28
1160 3354 1396 3444 (1877)
1441 3383 1498 3437 p.
1538 3363 1664 3420 427

210 3449 562 3530 ALudewig
608 3452 899 3526 Quomodo
935 3453 1184 3522 Ph'snius,
1221 3452 1440 3512 Seneca
1476 3454 1583 3511 etc.
1616 3452 1918 3525 particula
1953 3444 2228 3524 quidem-⁹

341 3542 437 3599 usi
480 3543 599 3599 sint
640 3542 702 3599 in
747 3543 974 3615 Praqer
1016 3540 1180 3601 stud.
1232 3544 1268 3599 3
1320 3532 1554 3622 (1891)
