2610 3920
230 5 547 89 omnium,
592 4 830 88 quibus
876 7 1215 88 torquetur
1258 5 1424 90 vita,
1473 5 1624 68 dum
1669 8 1954 90 ornatur,
1997 25 2074 68 eo
2118 25 2257 88 per-

232 94 463 158 ductus
500 97 615 179 est,
652 97 727 157 ut
763 93 863 157 illi
896 92 1145 176 liqueat
1168 97 1445 156 mortem
1469 93 1713 158 nullius
1739 93 1896 158 mali
1921 93 2258 157 materiam

230 203 388 268 esse,
441 183 795 246 multorum
847 181 1067 268 finem3
1130 182 1188 246 si
1244 179 1528 246 animum
1579 182 1810 246 virtuti
1866 183 2258 246 consecravit

230 275 323 356 et,
388 291 789 355 quacumque
838 275 1028 334 vocat
1093 269 1233 355 illa,
1294 270 1562 354 planum
1623 275 1838 356 putat3
1903 272 1962 335 si
2025 271 2259 336 sociale
2360 325 2364 328 .

168 388 205 429 5
234 360 474 424 animal
518 364 584 423 et
626 361 698 424 in
742 381 1075 424 commune
1120 361 1380 445 genitus
1424 359 1732 424 mundum
1776 364 1851 424 ut
1896 381 2091 424 unam
2129 381 2260 424 om-

233 449 418 512 nium
463 448 725 513 domum
770 451 1017 532 spectat
1058 453 1124 512 et
1160 446 1615 512 conscientiam
1649 469 1833 513 suam
1867 449 1969 512 dis
2005 449 2258 532 aperuit

236 557 615 621 semperque
654 541 985 621 tamquam
1032 537 1102 601 in
1145 537 1406 620 publico
1445 535 1610 601 vivit
1657 557 1724 601 se
1768 538 1976 623 magis
2012 538 2257 602 veritus

233 647 429 710 quam
472 627 662 690 alios:
712 625 1065 690 subductus
1118 625 1230 690 ille
1274 625 1771 710 tempestatibus
1813 627 1886 690 in
1930 624 2136 690 solido
2183 647 2258 689 ac

232 736 457 780 sereno
505 715 691 779 stetit
736 715 1328 799 consummavitque
1384 715 1717 779 scientiam
1763 715 1988 779 utilem
2033 735 2108 778 ae
2150 735 2256 777 ne-

132 835 195 873 10
228 803 588 870 cessariam.
663 802 939 887 Reliqua
982 803 1450 868 oblectamenta
1496 804 1616 868 otii
1662 808 1842 890 sunt3
1886 803 2039 868 licet
2081 803 2256 867 enim

227 893 360 956 iam
394 892 466 956 in
500 895 719 957 tutum
755 896 1035 956 retracto
1072 892 1287 956 animo
1326 893 1408 956 ad
1441 893 1598 957 haec
1634 912 1888 978 quoque
1925 912 2256 956 excurrere

228 979 497 1066 cultum,
540 1003 672 1045 non
719 980 936 1067 robur,
977 981 1255 1065 ingeniis
1303 981 1710 1046 adferentia.“

408 1069 581 1134 Haec
617 1069 985 1134 Demetrius
1021 1073 1243 1134 noster
1278 1074 1552 1154 utraque
1587 1091 1782 1134 manu
1816 1074 2036 1134 tenere
2069 1090 2214 1153 pro-
2256 1087 2283 1133 1
2311 1079 2364 1132 11

222 1157 549 1222 ficientem
610 1159 817 1244 iubet,
879 1159 1037 1223 haec
1097 1177 1416 1242 nusquam
1469 1159 1816 1244 dimittere,
1881 1160 2075 1222 immo
2143 1155 2252 1222 ad-

132 1277 193 1318 15
224 1246 427 1333 figere
462 1252 528 1312 et
564 1252 816 1331 partem
854 1247 956 1312 sui
990 1247 1199 1312 facere
1234 1267 1438 1331 eoque
1465 1248 1814 1312 cottidiana
1840 1247 2256 1312 meditatione

223 1335 516 1421 perduci,
570 1340 646 1402 ut
700 1357 818 1401 sua
873 1339 1103 1420 sponte
1156 1339 1497 1401 occurrant
1553 1335 1860 1401 salutaria
1903 1341 1970 1400 et
2013 1335 2254 1419 ubique

226 1446 302 1488 ac
358 1426 581 1490 statim
636 1425 993 1490 desiderata
1055 1429 1313 1508 praesto
1379 1425 1512 1489 sint
1566 1429 1630 1489 et
1693 1425 1833 1489 sine
1883 1425 2020 1489 ulla
2073 1445 2256 1488 mora

222 1514 445 1578 veniat
516 1513 631 1578 illa
700 1515 912 1597 turpis
985 1511 1369 1599 honestique
1433 1513 1781 1578 distinctio,
1891 1511 2067 1579 Sciat
2137 1533 2255 1576 nec
2293 1530 2323 1578 2

222 1601 469 1666 malum
504 1623 645 1668 esse
681 1603 887 1667 ullum
920 1601 1050 1667 nisi
1086 1607 1274 1686 turpe
1311 1623 1426 1666 nec
1458 1601 1702 1666 bonum
1727 1603 1856 1667 nisi
1881 1603 2256 1687 honestum3

136 1721 195 1760 20
226 1689 352 1754 hac
405 1690 631 1776 regula.
672 1692 846 1756 vitae
902 1711 1097 1776 opera
1132 1687 1526 1776 'distribuat3
1585 1691 1664 1755 ad
1714 1691 1881 1756 hanc
1933 1692 2142 1778 legem
2191 1694 2258 1755 et

226 1783 387 1864 agat
422 1783 653 1844 cuncta
688 1785 752 1844 et
789 1781 1005 1866 exigat
1042 1780 1565 1864 miserrimosque
1600 1780 1974 1844 mortalium
2001 1779 2256 1863 iudicet,

224 1868 297 1932 in
334 1868 871 1954 quantiscumque
910 1867 1141 1953 opibus
1176 1868 1608 1954 refulgebunt,
1645 1869 1854 1933 ventri
1891 1889 1964 1934 ac
1997 1867 2256 1933 libidini

212 1956 480 2024 ⁷deditos
537 1978 937 2042 quorumque
992 1958 1243 2025 animus
1298 1958 1494 2025 inerti
1551 1957 1688 2024 otio
1742 1963 1974 2043 torpet.
2063 1957 2256 2023 Dicat

226 2045 357 2111 sibi
394 2048 560 2131 ipse:
594 2045 955 2131 „Voluptas
980 2048 1233 2132 fragilis
1268 2055 1386 2135 est,
1424 2048 1656 2133 brevis,
1691 2047 1954 2112 fastidio
1987 2046 2255 2132 obiecta,

140 2163 197 2202 εδ
229 2156 361 2219 quo
409 2136 659 2200 avidius
705 2135 935 2201 hausta
980 2140 1079 2201 est
1134 2137 1326 2201 citius
1379 2138 1450 2201 in
1503 2138 1897 2202 contrarium
1949 2134 2254 2220 recidens,

227 2225 415 2289 cuius
463 2224 732 2290 subinde
775 2246 1031 2289 necesse
1076 2230 1177 2290 est
1220 2230 1334 2290 aut
1374 2226 1700 2311 paeniteat
1737 2230 1849 2290 aut
1886 2222 2138 2309 pudeat,
2185 2225 2255 2289 in

226 2333 360 2395 qua
409 2313 577 2379 nihil
632 2318 731 2379 est
784 2314 1196 2399 magnifieum
1250 2318 1364 2379 aut
1409 2315 1580 2399 quod
1630 2318 1928 2379 naturam
1971 2312 2252 2377 hominis

226 2400 329 2466 dis
376 2403 655 2486 proximi
698 2404 943 2489 deceat,
987 2424 1090 2467 res
1133 2402 1430 2489 humilis,
1475 2403 1908 2468 membrorum
1963 2402 2254 2486 turpium

224 2494 343 2555 aut
396 2491 623 2556 vilium
684 2491 1043 2555 ministerio
1094 2492 1382 2577 veniens,
1447 2492 1625 2556 exitu
1677 2492 1878 2557 foeda.
1979 2491 2102 2555 Illa
2154 2495 2254 2555 est
2291 2508 2323 2555 3

404 2724 443 2772 4
476 2736 827 2788 quocumque
856 2726 891 2772 Β
916 2721 935 2788 ΙΙ
962 2724 994 2771 5
1029 2718 1277 2774 omnium
1301 2726 1406 2773 ΠΒ
1435 2736 1534 2775 om.
1567 2726 1660 2774 GP
1684 2724 1702 2791 ΙΙ
1729 2724 1764 2773 9
1791 2718 2254 2787 consumauitque

225 2792 305 2858 (m
340 2792 434 2860 ss.)
471 2795 521 2844 Π
566 2790 975 2845 consumma-uit
1021 2791 1286 2894 punenii.
1322 2795 1426 2861 Pu)
1465 2798 1547 2845 08
1589 2795 1612 2862 Ι
1653 2798 1716 2845 10
1761 2791 1894 2847 ostii
1937 2792 2012 2844 ΠΙ
2061 2793 2070 2860 Ι
2117 2789 2255 2845 licet

230 2864 425 2915 autem
460 2868 494 2914 ⁸
548 2865 569 2933 η
620 2868 676 2915 11
710 2864 928 2916 retecto
964 2867 1014 2916 Π
1091 2862 1322 2917 redacto
1361 2863 1526 2918 Gertz
1581 2864 1592 2934 Ι
1647 2863 1754 2917 hoc
1799 2880 1852 2931 q.
1901 2876 2128 2917 excurre
2165 2861 2255 2934 111

230 2936 295 2984 12
330 2931 631 2987 afferentia
666 2936 845 3004 offla
878 2934 986 2987 hoc
1023 2932 1310 3003 nlteneri
1345 2936 1440 3003 ΠΙΙ
1472 2938 1534 2987 14
1568 2934 1676 2988 hoc
1711 2940 2124 3002 nlnnmquam
2162 2936 2247 3003 :51

232 3001 528 3057 demittere
562 3004 637 3057 1¹
682 3006 690 3076 Ι
736 3004 975 3058 adficere
1014 3004 1125 3074 (aff.
1168 3006 1231 3074 G)
1268 3009 1307 3057 0
1344 3020 1478 3059 cmv.
1519 3025 1561 3058 ω
1606 3007 1626 3075 ΙΙ
1669 3011 1730 3058 15
1765 3004 2090 3060 meditaone
2123 3005 2199 3057 1¹
2233 3004 2254 3075 Η

230 3074 1580 3147 uesseullumessenisillbonumensen
1625 3078 1644 3145 u
1688 3074 2249 3130 sodiumetadh.

228 3143 487 3213 regulam
524 3148 659 3216 agat
696 3154 728 3200 8
754 3150 773 3217 ΙΙ
814 3150 879 3200 21
912 3146 1253 3201 miserrimos
1287 3162 1512 3215 quoque
1548 3154 1580 3200 8
1607 3149 1626 3217 fl
1651 3152 1723 3201 28
1759 3149 2252 3216 quantamcunque

232 3220 266 3266 8
298 3217 307 3284 Ι
338 3213 639 3284 fulgebunt
675 3225 707 3270 s
739 3220 747 3289 Ι
779 3217 926 3272 uetri
958 3219 1080 3288 11¹1!
1106 3223 1174 3272 88
1212 3234 1684 3287 quorumcumque
1714 3226 1746 3271 s
1773 3221 1791 3289 ΙΙ
1818 3222 1886 3273 2⁸
1923 3232 2014 3271 res
2047 3232 2148 3271 mn.
2177 3215 2252 3268 1²
