2610 3920
570 594 963 660 Hildebertus
1039 592 1517 659 Cevwmanensis
1588 616 1676 676 ep.
1737 594 1789 658 Ι
1820 599 1865 658 3
1919 592 2257 679 (CLXXI
2290 598 2401 658 145

393 681 667 769 Miyn.).·
729 682 832 749 De
894 684 1214 749 elementia
1266 705 1501 765 quoque
1552 684 1978 764 cmnpendiosa
2022 684 2402 765 Jm'ncipthus

394 773 670 855 capitula
733 772 965 838 Seneca
1026 773 1367 855 eviyilavit,
1438 774 1511 835 in
1572 772 1793 853 quibas·
1852 773 1990 836 ideo
2062 772 2403 837 brevitatem

391 862 610 926 dilexit
659 882 786 926 non
839 862 1185 943 obscuram,
1248 867 1319 925 at
1380 863 1628 943 magmis
1679 866 1995 943 occupatos
2048 860 2239 943 leyere
2286 882 2404 926 non

392 951 668 1015 taederet.
749 951 858 1015 Ea
901 952 1095 1032 iyitm
1127 972 1252 1031 pro
1298 956 1353 1014 te
1396 956 1455 1013 et
1496 952 1583 1014 ad
1624 956 1679 1013 te
1720 955 1997 1031 suscepta
2040 952 2277 1032 suscipe
2314 956 2404 1014 al-
2455 967 2477 1006 ⁵

391 1060 506 1120 que
561 1042 904 1124 recordare,
963 1060 1120 1120 qaae
1179 1040 1413 1103 dudam
1470 1039 1761 1103 didiceris
1818 1060 1893 1102 ex
1952 1044 2007 1101 te
2064 1044 2124 1103 et
2167 1060 2285 1121 per
2338 1044 2402 1103 te.

392 1128 614 1193 Pauca
658 1150 732 1193 ea
775 1134 947 1192 sunt.
942 1150 956 1161 ·

569 1215 959 1281 Clementiae
997 1220 1096 1281 est
1135 1216 1378 1300 aliquid
1414 1217 1632 1280 ultrici
1668 1216 2004 1280 detrahere
2043 1216 2403 1281 sententiae.
2472 1230 2475 1235 '

391 1304 699 1389 Quisquis
758 1305 930 1369 nihil
983 1310 1201 1369 reatus
1256 1306 1627 1407 inpunitum
1678 1305 2015 1389 relinquit,
2078 1304 2405 1389 delinquit.

393 1392 600 1478 Culpa
635 1398 734 1459 est
770 1398 977 1458 totam
1013 1395 1312 1478 persequi
1348 1392 2234 1478 culpam.1nmisericordem
2268 1414 2487 1479 pro-1⁰

389 1484 630 1570 fitetur,
674 1484 775 1547 cui
823 1482 1130 1585 quicquid
1175 1484 1344 1566 licet,
1387 1483 1562 1547 libet.
1637 1484 1828 1547 Item:
1878 1480 2170 1547 Gloriosa
2204 1484 2409 1547 virtus

391 1576 491 1636 est
534 1572 606 1636 in
659 1572 946 1657 principe
1001 1572 1163 1636 citra
1221 1572 1450 1655 punire
1498 1594 1690 1655 quam
1739 1571 1945 1636 liceat.
2036 1570 2266 1635 Virtus
2311 1576 2411 1636 est

391 1660 470 1724 ad
524 1660 874 1725 vindictam
927 1660 1308 1725 necessitate
1361 1660 1562 1747 trahi,
1612 1682 1746 1725 non
1802 1660 2135 1724 voluntate
2179 1661 2413 1725 venire.

388 1748 698 1835 Magnum
737 1750 892 1850 quid
927 1754 992 1814 et
1019 1750 1309 1814 divinum
1337 1750 1507 1852 sapit
1535 1750 1815 1813 offensus
1852 1749 2149 1813 clemens.
2221 1751 2414 1815 Item:

387 1838 608 1903 Bonus
664 1839 960 1922 princeps
1015 1839 1337 1903 neminem
1384 1839 1520 1902 sine
1574 1859 1779 1922 poena
1823 1838 2040 1922 punit,
2093 1838 2419 1903 neminem
2448 1866 2499 1905 15

392 1926 529 1992 sine
575 1927 794 1992 dolore
838 1927 1199 2012 proscribit.
1291 1926 1510 1993 Bonus
1556 1928 1853 2012 princeps
1899 1928 1993 1990 ita
2026 1928 2278 1992 crimen
2322 1929 2421 1992 in-

389 2017 698 2100 sequitur,
745 2021 818 2080 ut
857 2040 1044 2101 quem
1083 2018 1291 2103 punit,
1326 2017 1649 2080 hominem
1686 2016 2149 2080 reminiscatur.
2223 2018 2421 2082 Item:

386 2104 607 2169 Bonus
654 2106 951 2190 princeps
999 2107 1124 2170 sibi
1170 2107 1557 2208 dominatur,
1609 2105 1850 2190 populo
1898 2105 2125 2190 servit,
2168 2106 2423 2171 nullius

387 2195 768 2278 sanguinem
805 2196 1184 2260 contemnit:
1229 2194 1475 2259 inimici
1513 2199 1630 2281 est,
1677 2194 1786 2258 sed
1825 2194 1981 2276 eius,
2018 2156 2132 2278 qui
2169 2195 2424 2260 amicus

387 2283 528 2347 fieri
591 2287 832 2367 potest3
891 2285 1180 2348 nocentis
1228 2288 1341 2368 est,
1390 2285 1501 2348 sed
1544 2283 1845 2347 hominis.
1940 2281 2427 2368 Cuiuscumque
2457 2312 2511 2349 20

391 2371 495 2456 sit,
544 2372 695 2456 quia
739 2393 871 2436 non
916 2371 1130 2456 potuit
1176 2373 1345 2458 dare,
1390 2372 1628 2436 crimen
1673 2376 1863 2456 putat
1908 2371 2175 2436 auferre.
2261 2371 2428 2438 Ideo

386 2461 684 2544 quotiens
730 2460 1040 2546 funditur,
1087 2461 1519 2526 confunditur.

562 2635 687 2690 Hoc
742 2637 1107 2707 fraqmentmn
1165 2636 1367 2690 detexit
1414 2636 1746 2690 ORossbach
1800 2637 1920 2705 (cfr.
1967 2635 2305 2704 „Disqai8it.
2363 2639 2436 2692 de

387 2707 617 2762 Senecae
652 2707 762 2774 filii
795 2709 1048 2776 scriptis“
1076 2725 1136 2776 p.
1177 2711 1248 2761 33
1284 2713 1337 2761 et
1369 2707 1495 2774 „De
1531 2707 1759 2762 Senecae
1798 2707 2113 2776 philosophi
2149 2707 2434 2764 librorum

387 2780 727 2834 recensionffl
755 2796 814 2846 p.
846 2780 1000 2848 112),
1037 2780 1134 2846 qai
1168 2795 1339 2833 novas
1375 2795 1581 2846 qaoque
1616 2779 1928 2833 collationes
1963 2777 2210 2832 codicum
2248 2781 2435 2834 trium

385 2879 452 2890 —
485 2849 812 2920 Reymensis
837 2853 952 2904 236
976 2866 1110 2904 saec.
1146 2850 1317 2903 XIII
1328 2849 1423 2918 (R)
1452 2857 1502 2904 et
1529 2850 2005 2918 Phillippicorum,
2033 2849 2131 2917 qai
2158 2849 2443 2905 Berolini

385 2937 535 2975 nume
561 2928 692 2975 swnt
719 2921 838 2988 (cfr.
870 2921 1443 2987 Handschriftenverz.
1474 2926 1596 2974 tom.
1631 2921 1768 2974 XII
1784 2938 1839 2974 n.
1871 2924 1984 2974 182
2010 2926 2061 2974 et
2087 2921 2441 2990 183),1734

384 3007 520 3046 saec.
552 2991 690 3044 XII
711 2992 808 3060 (B)
835 2999 886 3046 et
910 2995 1062 3047 2005
1087 3009 1221 3047 saec.
1256 2992 1427 3045 XIII
1446 2991 1543 3072 (P)
1572 3023 1639 3031 -—
1670 2993 1893 3062 beniyne
1919 2991 2057 3044 mihi
2091 2995 2441 3049 &ammi-sit.

564 3067 595 3114 3
635 3061 848 3116 Seneca
883 3081 982 3118 om.
1023 3064 1147 3118 RP
1191 3068 1198 3133 Ι
1249 3060 1519 3132 uigilauit
1554 3064 1638 3132 (in
1674 3080 1776 3133 my.
1815 3060 2095 3142 uulgauit,
2134 3070 2264 3118 ante
2294 3066 2445 3133 pri-

384 3149 531 3185 mam
566 3150 604 3185 11
650 3149 822 3201 supra
859 3151 906 3187 v.
945 3141 1050 3188 tres
1096 3136 1195 3189 litt.
1235 3136 1393 3203 eomas)
1430 3135 1486 3189 R
1529 3133 1775 3202 uigilant
1820 3132 1933 3201 (uel
1968 3131 2028 3184 ui
2064 3134 2155 3202 ss.)
2194 3134 2253 3186 P
2295 3135 2448 3188 uul-

384 3200 547 3282 gauit
583 3203 638 3255 B
671 3219 807 3256 corr.
840 3204 1116 3260 Rossbach
1151 3207 1169 3274 11
1206 3209 1240 3258 4
1269 3203 1444 3258 dilexi
1481 3204 1536 3258 P
1559 3207 1577 3274 ss
1605 3209 1640 3258 6
1676 3203 1928 3258 didicisti
1966 3204 2023 3258 R
2049 3207 2066 3267 ΙΙ
2094 3209 2129 3256 9
2166 3204 2441 3259 derelin-

386 3270 511 3340 quit
546 3275 746 3340 peccat
782 3273 838 3327 R
873 3277 890 3343 ΙΙ
927 3279 989 3327 10
1025 3275 1289 3344 prosequi
1329 3277 1383 3330 R
1428 3278 1445 3344 11
1490 3281 1550 3328 15
1590 3273 1710 3328 81118
1746 3273 2098 3344 paenitentia
2136 3275 2447 3331 Rossbach
