2610 3920
371 172 503 241 240
1009 177 1069 233 L.
1107 176 1391 231 ANNAEI
1428 176 1754 233 SENECAE

368 322 617 387 homini
663 326 728 385 et
766 322 987 387 durius
1025 322 1349 407 imperari,
1388 346 1581 407 quam
1616 323 1968 406 imperatur
2004 322 2397 388 animalibus

369 410 614 475 mutis?
679 411 862 494 atqui
916 432 1152 495 equum
1205 433 1339 476 non
1390 412 1629 475 crebris
1684 412 2059 476 verberibus
2114 416 2396 477 exterret

371 499 670 564 domandi
723 500 971 583 peritus
1025 500 1362 585 magister3
1424 500 1538 564 fiet
1591 501 1763 564 enim
1814 500 2275 565 formidolosus
2331 506 2397 565 et

301 606 332 653 5
371 592 736 674 contumax,
768 588 898 653 nisi
934 610 1080 653 eum
1115 589 1481 654 blandiente
1516 594 1696 655 tactu
1721 589 2149 673 permulseris.
2215 588 2397 654 Idem

368 676 527 741 facit
597 676 710 741 ille
772 682 1058 761 venator,
1128 678 1367 761 quique
1437 678 1725 743 instituit
1795 678 2045 742 catulos
2110 678 2393 763 vestigia
2444 705 2468 744 5

371 766 551 849 sequi
597 765 834 850 quique
888 766 1017 831 iam
1071 767 1435 831 exercitatis
1490 766 1701 831 utitur
1746 766 1825 831 ad
1868 768 2241 831 excitandas
2289 767 2394 832 vel

369 854 836 938 persequendas
872 855 1068 921 feras:
1105 877 1221 919 nec
1257 856 1483 920 crebro
1518 855 1651 919 illis
1686 856 1969 919 minatur
2006 852 2394 941 (contundet

369 944 538 1008 enim
602 943 848 1007 animos
913 948 1005 1029 et,
1070 944 1381 1028 quidquid
1444 947 1544 1009 est
1586 944 1866 1027 indolis,
1937 945 2395 1009 conminuetur

367 1031 793 1115 trepidatione
846 1030 1170 1119 degeneri)
1225 1054 1343 1097 nec
1396 1032 1722 1097 licentiam
1773 1033 2052 1118 vagandi
2105 1033 2393 1098 errandi-

368 1143 492 1205 que
526 1121 771 1204 passim
807 1122 1111 1186 concedit.
1181 1120 1440 1186 Adicias
1476 1121 1578 1185 his
1613 1121 1765 1187 licet
1800 1121 2085 1185 tardiora
2120 1127 2391 1207 agentes
2420 1150 2467 1187 ιο
2532 1140 2537 1145 ·

365 1211 677 1293 iumenta,
724 1231 913 1294 quae,
967 1232 1113 1274 cum
1158 1211 1238 1275 ad
1284 1209 1737 1275 contumeliam
1783 1214 1848 1275 et
1892 1210 2187 1275 miserias
2234 1215 2393 1275 nata

368 1299 518 1381 sint,
561 1298 762 1362 nimia
807 1299 1074 1364 saevitia
1119 1303 1433 1385 cogantur
1476 1300 1703 1384 iugum
1748 1300 2119 1364 detractare.

152 1398 312 1455 XVH
343 1405 368 1453 1
541 1386 812 1453 Nullum
859 1387 1098 1453 animal
1139 1388 1462 1452 morosius
1508 1392 1626 1474 est,
1667 1388 1921 1453 nullum
1962 1388 2209 1453 maiore
2256 1393 2394 1453 arte

365 1476 772 1541 tractandum
808 1498 1000 1560 quam
1045 1476 1258 1564 hom0,
1300 1476 1465 1541 nulli
1500 1476 1707 1561 magis
1743 1476 2146 1560 parcendum.
2222 1476 2395 1553 Quid

366 1566 536 1629 enim
582 1568 682 1629 est
729 1565 992 1630 stultius
1031 1588 1224 1649 quam
1268 1566 1342 1630 in
1384 1566 1687 1630 iumentis
1724 1564 1981 1649 quidem
2018 1569 2083 1629 et
2118 1566 2393 1631 canibus
2422 1592 2470 1632 15

367 1654 736 1719 erubescere
778 1654 906 1719 iras
943 1676 1247 1737 exercere,
1292 1654 1568 1737 pessima
1606 1658 1819 1718 autem
1856 1654 2232 1719 condicione
2270 1656 2393 1720 sub

365 1744 610 1808 homine
644 1743 972 1807 hominem
1001 1744 1182 1808 esse?
1245 1742 1493 1807 Morbis
1530 1743 1853 1809 medemur
1878 1763 1995 1807 nec
2021 1742 2394 1828 irascimur-3

367 1832 548 1915 atqui
595 1835 660 1895 et
704 1831 812 1895 hic
854 1832 1118 1896 morbus
1165 1836 1262 1896 est
1305 1832 1531 1917 animi3
1574 1832 1836 1897 mollem
1870 1832 2255 1896 medicinam
2293 1833 2394 1897 de-

368 1920 605 1987 siderat
668 1920 1003 2005 ipsumque
1065 1920 1423 1986 medentem
1482 1921 1745 1986 minime
1805 1920 2115 1986 infestum
2178 1942 2393 2007 aegro,

295 2028 326 2075 2
366 2009 524 2074 Mali
569 2009 798 2074 medici
843 2014 943 2074 est
989 2009 1339 2094 desperare,
1382 2032 1464 2074 ne
1508 2014 1713 2076 curet:
1760 2010 1927 2074 idem
1973 2011 2044 2073 in
2086 2011 2189 2094 iis,
2239 2034 2395 2095 quo-
2422 2038 2471 2078 20

367 2121 511 2162 rum
557 2099 807 2164 animus
853 2099 1138 2163 adfectus
1185 2102 1303 2185 est,
1347 2098 1553 2163 facere
1597 2099 1853 2163 debebit
1890 2099 1967 2185 is,
2010 2099 2115 2163 cui
2152 2100 2397 2165 tradita
2571 2103 2572 2136 ³

369 2186 542 2251 salus
591 2187 878 2252 omnium
922 2192 1049 2271 est,
1092 2209 1226 2252 non
1270 2188 1400 2251 cito
1448 2209 1631 2271 spem
1676 2188 1962 2272 proicere
2006 2209 2125 2252 nec
2168 2190 2396 2253 morti-

364 2276 502 2340 fera
555 2276 740 2361 signa
801 2276 1246 2361 pronuntiare;
1309 2276 1589 2340 luctetur
1644 2298 1789 2341 cum
1840 2276 2019 2340 vitiis
2031 2330 2073 2363 ,.
2112 2278 2396 2363 resistat,

365 2365 510 2430 aliis
546 2366 843 2430 morbum
881 2387 1068 2430 suum
1104 2365 1468 2450 exprobret,
1504 2365 1813 2449 quosdam
1849 2364 2033 2429 molli
2058 2367 2395 2431 curatione

366 2454 641 2538 decipiat
675 2454 865 2518 citius
885 2453 1260 2542 *meliusque
1287 2458 1629 2518 sanaturus
1656 2453 1953 2518 remediis
1978 2453 2394 2540 fallentibu83
2422 2481 2469 2522 25
2566 2519 2568 2522 Α

365 2549 516 2629 agat
571 2543 864 2627 princeps
918 2564 1135 2607 curam
1187 2563 1323 2606 non
1380 2547 1635 2607 tantum
1698 2542 1927 2606 salutis
1938 2595 1956 2628 ,
2018 2543 2129 2606 sed
2195 2545 2394 2609 etiam

295 2649 326 2697 3
364 2631 671 2696 honestae
734 2631 1061 2697 cicatricis.
1161 2630 1361 2695 Nufla
1424 2631 1561 2715 regi
1626 2631 1833 2716 gloria
1894 2634 1994 2695 est
2056 2653 2137 2695 ex
2201 2655 2397 2698 saeva

366 2721 912 2786 animadversione
959 2718 1134 2807 (quis
1181 2720 1352 2784 enim
1398 2720 1652 2784 dubitat
1706 2740 1893 2802 posse
1904 2717 1967 2806 ?)
1977 2771 1995 2804 ‚
2050 2724 2118 2784 at
2164 2726 2397 2786 contra

544 2969 574 3016 5
612 2964 710 3019 ille
749 2982 848 3020 om.
885 2970 1082 3019 AFLP
1123 2968 1130 3036 Ι
1171 2965 1408 3033 quisque
1444 2971 1483 3018 1.
1524 2967 1532 3035 Ι
1574 2965 1789 3019 catulos
1828 2982 1928 3020 om.
1967 2971 2007 3018 1.
2048 2966 2065 3034 ΙΙ
2109 2972 2142 3019 0
2180 2966 2395 3035 quique

366 3032 540 3086 etiam
574 3039 615 3086 Ι.
641 3038 659 3103 [Ι
687 3042 718 3088 7
759 3037 1134 3092 contundetur
1169 3052 1216 3091 e.
1257 3036 1474 3090 animus
1512 3042 1552 3089 1.
1579 3039 1598 3106 ΙΙ
1633 3041 1695 3089 10
1732 3035 1953 3106 agentis
1989 3040 2093 3089 RB
2121 3039 2141 3106 n
2168 3043 2226 3090 11
2263 3055 2396 3092 con-

363 3103 627 3158 tumelias
663 3110 813 3159 AB?
851 3110 862 3178 Ι
901 3107 1186 3161 miseriam
1221 3114 1260 3161 1.
1297 3110 1317 3174 [1
1352 3112 1415 3160 12
1452 3109 1722 3178 cogentur
1755 3111 1802 3159 Δ
1847 3110 2128 3177 coguntur
2162 3115 2207 3160 F
2248 3110 2257 3179 Ι
2299 3109 2397 3164 de-

363 3176 605 3229 trectare
630 3179 827 3230 aur
853 3180 874 3246 ΙΙ
899 3183 962 3231 13
999 3177 1212 3232 animal
1245 3195 1345 3233 om.
1375 3185 1459 3232 ΣΒ
1490 3181 1499 3249 Ι
1530 3177 1729 3232 maiori
1767 3185 1799 3231 8
1825 3180 1844 3247 ΙΙ
1871 3183 1931 3232 15
1971 3178 2237 3234 carnibus
2272 3181 2351 3232 11¹
2376 3181 2401 3252 η

365 3249 428 3296 10
463 3243 576 3324 iras
613 3261 694 3299 ex.
733 3265 835 3302 om.
873 3253 914 3300 1.
963 3252 972 3316 Ι
1019 3249 1323 3318 pessimam
1349 3281 1417 3290 --
1446 3248 1826 3304 conditionem
1859 3249 1935 3301 ΠΙ
1986 3251 2006 3319 ΙΙ
2060 3255 2121 3304 17
2160 3251 2396 3306 homine

365 3314 650 3369 hommem
685 3315 818 3384 Lps.
856 3318 1140 3374 hominem
1173 3325 1222 3372 R
1257 3319 1483 3375 homine
1520 3320 1765 3390 (nomine
1800 3322 1862 3390 Ι.)
1901 3327 1939 3374 0
1976 3319 2172 3376 iubere
2210 3323 2395 3376 homi-

364 3401 494 3438 nem
521 3384 798 3458 'Schultess
849 3391 868 3456 ΙΙ
920 3393 982 3441 19
1029 3406 1137 3457 que
1182 3407 1281 3446 om.
1321 3397 1362 3444 P
1414 3393 1433 3461 ΙΙ
1485 3397 1557 3444 20
1592 3408 1664 3446 ne
1710 3394 1868 3446 curet
1904 3398 1943 3446 Τ
1992 3399 2045 3448 et
2082 3409 2133 3447 v.
2174 3393 2209 3447 l.
2248 3397 2319 3448 in
2354 3400 2395 3446 1.

365 3471 435 3508 ne
474 3469 630 3509 cures
668 3458 792 3524 (nec
831 3474 957 3512 ures
992 3461 1060 3528 Π)
1098 3465 1135 3514 0
1187 3462 1287 3516 del.
1324 3462 1519 3517 Haase
1568 3464 1577 3533 Ι
1626 3462 1674 3516 is
1710 3468 1759 3515 R
1807 3461 1895 3518 his
1934 3469 1973 3516 0
2026 3466 2047 3534 ΙΙ
2098 3468 2164 3518 21
2200 3463 2250 3518 is
2288 3469 2397 3518 lm

367 3539 465 3604 om.
506 3531 544 3578 0
597 3528 616 3594 ΙΙ
670 3532 739 3579 22
776 3528 1101 3596 promittere
1137 3536 1179 3582 r
1231 3534 1250 3601 ΙΙ
1303 3537 1371 3584 27
1409 3533 1637 3588 nullane
1673 3533 1821 3604 regis
1857 3534 1933 3585 lv
