2610 3920
686 167 782 220 DE
817 166 1215 222 BENEFICHS
1252 167 1385 222 LIB.
1422 167 1514 222 m.
1554 167 1705 222 OAP.
1745 174 1953 222 26—28
2246 168 2331 232 73

315 313 654 399 diligenter
711 313 1018 378 audirent.
1117 311 1208 376 Ut
1262 312 1536 396 primum
1596 313 1855 398 diluxit,
1919 336 2165 397 servm,
2221 314 2332 397 qui

315 402 566 467 cenanti
621 401 701 466 ad
753 401 946 485 pedes
1002 405 1294 485 steterat,
1358 405 1604 488 narrat,
1668 424 1829 485 quae
1892 402 2059 466 inter
2114 424 2332 468 cenam

315 491 529 556 ebrius
569 489 852 576 dixisset,
889 494 953 555 et
989 489 1308 575 hortatur,
1353 494 1427 554 ut
1465 488 1801 556 Caesarem
1839 495 2101 574 occupet
2138 495 2331 574 atque

314 580 451 664 ipse
527 601 593 644 se
658 578 916 644 deferat.
1026 578 1199 643 Usus
1273 579 1543 644 consilio
1608 579 2013 644 descendenti
2077 579 2334 645 Caesari
2368 597 2407 645 2

261 694 287 736 5
319 669 596 734 occurrit
661 672 751 752 et,
815 690 960 734 cum
1023 667 1258 731 malam
1310 673 1590 733 mentem
1643 668 1945 733 habuisse
2000 690 2069 734 se
2130 669 2333 752 pridie

315 757 607 841 iurasset,
649 756 717 820 id
761 761 836 822 ut
879 757 946 820 in
995 779 1062 820 se
1107 760 1171 821 et
1211 755 1281 820 in
1317 757 1486 822 filios
1525 779 1675 822 suos
1713 758 2037 843 recideret,
2084 758 2333 841 optavit

317 850 382 911 et
428 843 791 930 Caesarem,
834 849 910 910 ut
953 846 1315 931 ignosceret
1370 846 1495 910 sibi
1538 846 1898 931 rediretque
1942 847 2007 910 in
2058 847 2334 932 gratiam

318 956 550 1021 secum,
584 935 856 1020 rogavit.
922 931 1084 999 Cum
1121 935 1389 999 dixisset
1421 957 1489 999 se
1518 933 1752 1000 Caesar
1785 935 2018 1000 facere:
2055 934 2331 1023 „Nemo“
2370 953 2407 1000 3

316 1024 531 1107 inquit
574 1024 822 1109 „credet
876 1028 940 1088 te
994 1044 1243 1088 mecum
1296 1024 1365 1088 in
1411 1024 1686 1109 gratiam
1731 1024 1997 1109 redisse,
2048 1025 2177 1089 nisi
2224 1024 2334 1088 ali-

235 1141 290 1182 10
319 1112 475 1196 quid
510 1111 669 1176 mihi
709 1111 1082 1177 donaveris“
1079 1113 1435 1198 ,petitque
1472 1135 1602 1178 non
1647 1075 2099 1178 fastidiendam
2141 1115 2335 1178 etiam

317 1223 355 1264 a
409 1201 694 1284 propitio
751 1223 1065 1266 summam
1121 1205 1185 1265 et
1239 1203 1606 1285 inpetravit.
1697 1199 1930 1267 Caesar
1984 1202 2101 1267 ait:
2154 1201 2336 1288 „Mea

317 1309 510 1354 causa
543 1289 708 1354 dabo
748 1311 1025 1375 operam,
1068 1312 1148 1354 ne
1182 1313 1490 1375 umquam
1526 1290 1652 1354 tibi
1686 1289 1979 1355 irascar.“
2047 1290 2335 1356 Honeste
2370 1309 2407 1356 4

315 1378 470 1442 fecit
499 1376 746 1462 Caesar,
784 1380 957 1462 quod
983 1380 1249 1464 ignovit,
1285 1380 1459 1464 quod
1482 1379 1936 1444 liberalitatem
1964 1379 2335 1445 clementiae

318 1466 576 1552 adiecit3
623 1468 1006 1552 quicumque
1052 1467 1176 1532 hoc
1212 1468 1484 1532 audierit
1521 1469 1899 1553 exemplum,
1944 1490 2200 1533 necesse
2238 1472 2336 1533 est

235 1583 288 1624 15
319 1553 653 1620 Gaesarem
690 1555 924 1642 laudet,
961 1557 1072 1622 sed
1106 1579 1251 1621 cum
1288 1578 1545 1622 servum
1573 1561 1721 1622 ante
1746 1558 2118 1622 laudaverit.
2184 1556 2335 1622 Non

317 1648 632 1728 expectas,
668 1648 742 1709 ut
777 1645 901 1709 tibi
938 1667 1191 1710 narrem
1225 1668 1422 1710 manu
1457 1647 1746 1730 missum,
1783 1647 1893 1730 qui
1922 1646 2045 1711 hoc
2071 1646 2335 1732 fecerat3

315 1754 431 1797 nec
476 1737 691 1798 tamen
739 1734 971 1820 gratis:
1025 1735 1362 1819 pecuniam
1414 1757 1532 1819 pro
1576 1735 1876 1799 libertate
1921 1735 2055 1800 eius
2103 1732 2335 1800 Caesar

313 1827 776 1887 numeraverat.

491 1910 650 1977 Post
693 1915 796 1977 tot
841 1912 1130 1997 exempla
1174 1935 1331 1977 uum
1378 1911 1644 1977 dubium
1682 1917 1797 1998 est,
1845 1913 2001 1998 quin
2037 1914 2223 1979 bene·
2253 1930 2279 1978 1
2312 1923 2555 1979 XXVIII

238 2028 290 2067 20
319 1999 534 2063 ficium
601 2001 942 2086 aliquando
1002 2024 1039 2066 a
1099 2024 1280 2066 servo
1348 2002 1644 2067 dominus
1710 2003 2081 2091 accipiat?
2127 2003 2335 2105 Quare

318 2088 535 2171 potius
580 2111 854 2173 persona
900 2112 1035 2154 rem
1079 2091 1355 2175 minuat,
1412 2113 1605 2175 quam
1658 2114 1996 2192 personam
2044 2114 2147 2157 res
2193 2092 2335 2176 ipsa

319 2176 737 2243 cohonestet?
800 2178 1044 2243 Eadem
1073 2179 1370 2244 omnibus
1390 2180 1737 2281 ’principia
1752 2181 2095 2283 eademque
2125 2181 2334 2282 origo3

315 2285 507 2331 nemo
551 2266 753 2331 altero
797 2268 1097 2353 nobilior,
1141 2268 1269 2333 nisi
1305 2268 1408 2332 cui
1444 2269 1681 2333 rectius
1718 2269 2047 2355 ingenium
2085 2274 2150 2334 et
2186 2270 2335 2335 arti·

318 2354 439 2419 bus
484 2355 672 2420 bonis
718 2356 949 2440 aptius,
1041 2320 1165 2433 Q’ui
1208 2357 1519 2442 imagines
1568 2358 1639 2421 in
1683 2360 1849 2423 atrio
1895 2362 2224 2443 exponunt
2271 2364 2334 2423 et
2373 2378 2406 2424 2

238 2472 290 2513 25
316 2444 578 2508 nomina
604 2443 885 2509 familiae
913 2467 1064 2510 suae
1099 2446 1295 2530 longo
1327 2446 1545 2511 ordine
1574 2467 1647 2510 ac
1673 2447 1894 2512 multis
1924 2451 2335 2511 stemmatum

319 2531 590 2635 inligata
634 2532 896 2597 flexuris
940 2534 1010 2599 in
1054 2538 1237 2617 parte
1272 2535 1482 2619 prima
1518 2535 1769 2601 aedium
1808 2535 2161 2622 conlocant,
2203 2556 2338 2599 non

317 2621 458 2683 noti
503 2607 710 2706 magis
758 2644 949 2706 quam
992 2623 1242 2688 nobiles
1290 2625 1487 2688 sunt?
1560 2621 1744 2689 Unus
1782 2625 2067 2689 omnium
2104 2646 2335 2708 parens

318 2708 593 2773 mundus
640 2714 758 2797 est,
804 2710 939 2775 sive
982 2733 1094 2797 per
1141 2712 1507 2813 splendidos
1547 2712 1681 2777 sive
1716 2735 1829 2796 per
1867 2712 2157 2777 sordidos
2195 2734 2335 2799 gra-

317 2797 436 2862 dus
493 2797 573 2861 ad
624 2798 796 2863 1111116
847 2800 1055 2883 prima
1109 2801 1418 2885 cuiusque
1473 2801 1653 2903 origo
1708 2802 2092 2886 perducitur.
2183 2800 2338 2867 Non

318 2889 443 2971 est,
511 2887 682 2971 quod
740 2890 806 2951 te
865 2888 979 2952 isti
1039 2889 1387 2976 decipiant,
1455 2890 1593 2974 qui,
1651 2912 1794 2954 cum
1851 2891 2123 2956 maiores
2184 2914 2341 2957 suos
2409 2932 2419 2947 ·

495 3103 530 3150 2
557 3100 794 3152 steterat
821 3100 878 3151 et
905 3098 1178 3167 audierat,
1207 3116 1385 3167 quae
1410 3099 1692 3168 dixisset,
1721 3100 1979 3155 hortatur
2007 3104 2086 3173 (et
2102 3119 2170 3157 ss.
2190 3121 2259 3157 m.
2282 3106 2341 3173 1)

317 3172 370 3219 M
396 3169 415 3238 ΙΙ
443 3173 475 3221 3
515 3170 572 3223 et
610 3172 934 3238 om.GP(1)
969 3172 977 3239 Ι
1010 3186 1202 3225 caesar
1236 3171 1356 3241 1²ss
1385 3176 1415 3223 5
1453 3170 1606 3224 mala
1641 3172 1681 3240 (1
1717 3189 1881 3241 super
1917 3189 1950 3227 a
1988 3174 2079 3227 alt.
2119 3175 2207 3241 ss.)
2246 3174 2338 3256 ΒΗ

319 3238 694 3306 616661ἀ6161,
720 3241 772 3310 (6
800 3247 915 3295 tert.
945 3257 1011 3295 ex
1037 3239 1078 3311 i)
1106 3247 1154 3294 Π
1179 3244 1198 3310 ΙΙ
1226 3247 1260 3293 9
1297 3242 1489 3296 credet
1517 3246 1608 3294 GP
1644 3242 1823 3297 credit
1848 3248 2013 3297 ΚΒΜ
2040 3247 2057 3313 ΙΙ
2084 3249 2147 3298 10
2173 3243 2335 3299 fasti-

319 3295 587 3364 diendum
622 3311 694 3363 12¹
752 3312 780 3382 Ι·
821 3311 993 3365 etiam
1037 3328 1137 3367 om.
1179 3317 1269 3365 GP
1323 3315 1341 3383 ΙΙ
1395 3318 1455 3365 15
1503 3329 1695 3367 caesar
1729 3314 1803 3366 11¹
1853 3317 1861 3383 1
1911 3314 2340 3371 conlaudauerit

318 3382 461 3435 rasis
511 3398 615 3435 con
664 3388 706 3434 G
764 3386 771 3452 Ι
830 3382 957 3438 Νο11
1003 3386 1056 3453 (o
1103 3402 1170 3439 ex
1215 3386 1268 3454 a)
1309 3390 1351 3436 G
1396 3384 1545 3438 Num
1579 3385 1712 3453 Lps.
1768 3388 1786 3455 ΙΙ
1839 3390 1901 3438 16
1945 3402 2178 3467 manum
2209 3388 2283 3439 11¹

319 3457 379 3505 1⁷
417 3455 606 3507 tamen
643 3452 900 3523 ingratus
936 3472 989 3524 p.
1027 3459 1082 3508 Π
1122 3456 1260 3526 ΙΝ
1173 3472 1263 3511 ces
1300 3456 1375 3507 Νι
1414 3457 1433 3525 ss
1472 3461 1535 3508 19
1570 3456 1729 3527 num]
1764 3473 1874 3510 non
1914 3462 2043 3528 GP!
2085 3455 2183 3523 qui
2218 3456 2292 3508 R*

318 3528 387 3577 25
424 3524 531 3577 1136
567 3524 694 3576 ΝῙΒ
740 3526 758 3593 ΙΙ
802 3531 871 3578 28
909 3528 1098 3596 gratos
1135 3528 1209 3580 ΠΙ
