2610 3920
1019 217 1434 272 PRAEFATIO
2088 219 2241 274 XXV

217 369 417 428 tiones
461 368 891 444 particularum
939 373 991 427 et
1035 372 1096 427 et
1140 388 1234 444 ac,
1288 387 1394 427 nec
1439 371 1500 427 et
1552 387 1756 444 neque,
1812 373 1934 428 twm
1988 372 2048 427 et
2093 375 2246 444 twnc,

216 459 360 532 quid
424 459 484 515 et
547 460 699 531 quod
762 460 869 516 etc.
944 457 1213 533 taliaque
1279 457 1479 516 omnia
1551 459 1922 535 praetermisi
1994 478 2102 516 nec
2167 458 2245 516 ad

214 537 446 604 textum
482 546 916 606 restituendum
950 566 1058 604 nec
1095 546 1173 604 ad
1209 547 1476 605 codicum
1523 549 1774 606 stemma
1817 547 2243 606 illustrandum

211 635 397 694 ullius
455 635 757 695 momenti.
850 636 1057 710 Neque
1105 635 1315 709 timeo,
1360 655 1434 693 ne
1482 635 1614 711 quis
1659 635 1771 694 hoc
1815 637 1964 694 mihi
2008 636 2244 695 crimini

211 725 462 799 tribuat,
506 725 688 784 imm0
735 743 809 783 ne
854 725 1070 782 talium
1113 724 1292 783 nimis
1339 725 1530 782 multa
1577 743 1768 800 aequo
1817 725 2052 785 cautior
2096 725 2242 784 illuc

210 813 581 888 intruserim,
640 832 793 889 quae
848 816 1208 890 apparatum
1262 832 1397 872 cum
1451 813 1627 871 nimis
1680 814 1996 890 impleant,
2065 815 2242 872 nimis

213 901 475 960 turbant.
554 901 669 960 Sed
704 903 768 961 in
811 903 925 961 hac
969 922 1031 960 re
1078 903 1259 978 paulo
1305 902 1566 979 largiore
1611 921 1795 960 manu
1840 903 2042 978 copias
2079 921 2242 962 meas

213 990 513 1049 effundere
560 992 754 1066 volui,
814 992 1166 1067 praesertim
1226 1010 1362 1050 cum
1422 991 1743 1050 editionem
1797 991 2125 1051 auctiorem
2181 995 2243 1052 et

211 1080 543 1156 pleniorem
599 1080 974 1155 prodituram
1034 1098 1159 1139 esse
1218 1080 1313 1138 his
1371 1081 1740 1155 temporibus
1793 1081 1971 1155 plane
2019 1082 2098 1139 sit
2143 1081 2241 1139 de-

213 1169 587 1244 sperandum.

392 1257 523 1315 Iam
568 1258 967 1333 perlustratis,
1015 1276 1167 1333 quae
1212 1258 1361 1316 mihi
1407 1259 1707 1335 proposui,
1753 1258 1896 1316 licet
1929 1259 2065 1317 vela
2103 1277 2239 1318 con-

211 1346 471 1405 trahere.
548 1345 663 1404 Sed
689 1366 761 1404 ne
789 1346 956 1422 prius
983 1367 1181 1405 meum
1212 1349 1442 1421 emplicit
1474 1348 1714 1421 feliciter
1749 1347 1840 1406 his
1871 1347 2066 1406 verbis
2103 1347 2239 1406 sub-

214 1434 490 1508 scribam,
518 1453 697 1511 quam
726 1454 978 1511 quorum
1006 1435 1366 1494 adminiculo
1403 1435 1466 1494 in
1500 1454 1676 1511 opere
1712 1454 1844 1494 meo
1882 1436 2236 1511 perficiendo

213 1523 328 1582 sim
366 1523 604 1583 adiutus
640 1525 887 1584 memori
921 1528 1120 1583 mente
1156 1525 1560 1600 pronuntiavi,
1599 1527 1659 1583 et
1683 1524 1824 1584 libri
1850 1524 2040 1600 ipsius
2067 1544 2238 1602 prae-

212 1613 456 1688 cipuum
499 1616 918 1690 argumentum
963 1616 1167 1673 monet
1211 1617 1271 1672 et
1317 1615 1477 1692 grati
1520 1614 1700 1671 animi
1737 1613 2095 1672 desiderium
2130 1615 2238 1672 im-

211 1700 402 1776 pellit.
474 1701 690 1778 Itaque
719 1703 945 1780 gratias
980 1703 1079 1761 hic
1107 1722 1345 1778 quoque
1381 1704 1582 1779 palam
1620 1721 1734 1780 ago
1773 1721 2032 1761 summas
2068 1721 2237 1778 prae-

210 1790 384 1849 fectis
406 1789 906 1850 bibliothecarum
920 1792 1303 1866 ErfurtensiS,
1315 1791 1836 1868 Guelferbytanae,
1850 1791 2238 1866 MonacensiS,

214 1879 725 1954 Monasteriensis,
782 1880 1118 1954 Parisinae,
1179 1881 1283 1956 qui
1340 1884 1410 1939 ut
1467 1880 1762 1939 thesauris
1822 1881 1942 1938 suis
2001 1880 2114 1939 hac
2171 1881 2236 1939 in

214 1968 519 2028 academia
578 1971 669 2027 uti
729 1988 987 2045 possem,
1047 1972 1471 2029 humanissime
1527 1973 1966 2043 concesserunt,
2025 1970 2235 2029 deinde

210 2058 357 2117 viris
403 2058 765 2133 clarissimiS,
812 2060 913 2134 qui
960 2060 1081 2118 suis
1120 2059 1334 2135 opibus
1371 2078 1532 2118 meas
1567 2061 1878 2134 tantopere
1919 2062 2237 2133 auxerunt,

210 2146 525 2207 Francisco
560 2148 903 2223 Buecheler,
951 2146 1162 2207 Ottoni
1196 2148 1412 2223 Hense,
1460 2146 1670 2207 Ottoni
1705 2148 2024 2224 Rossbach,
2071 2148 2235 2206 deni-

213 2255 329 2311 que
367 2237 571 2295 amicis
606 2236 866 2295 Aemilio
902 2236 1150 2295 Hermes
1189 2240 1251 2296 et
1285 2237 1601 2297 Francisco
1641 2236 1914 2310 Skutsch,
1958 2239 2064 2313 qui
2101 2256 2236 2296 cum

212 2344 395 2399 opera
453 2324 780 2402 purgandis
838 2326 1099 2403 plagulis
1157 2326 1430 2403 impensa
1474 2326 1538 2384 in
1591 2326 1738 2385 locis
1785 2326 1978 2385 dubiis
2027 2329 2087 2384 et
2133 2326 2235 2385 ob-

210 2414 400 2472 scuris
464 2432 670 2473 aurem
733 2414 882 2471 mihi
942 2416 1267 2490 pervellere
1333 2415 1570 2493 suisque
1637 2436 1706 2473 ex
1769 2415 2000 2475 scriniis
2053 2414 2234 2473 utilia

208 2503 475 2578 proferre
504 2522 623 2561 non
652 2502 1022 2578 desisterent,
1060 2504 1281 2579 optime
1313 2504 1384 2563 de
1412 2505 1525 2563 hac
1553 2504 1812 2563 editione
1839 2504 2034 2563 meriti
2077 2506 2232 2562 sunt.

392 2662 731 2721 Scribebam
774 2664 1124 2723 Monasterii
1168 2683 1367 2723 mense
1406 2662 1649 2723 Octobri
1695 2665 1836 2722 anni
1872 2662 2232 2723 MDGCGIO.
