2610 3920
567 207 663 261 DE
701 206 1105 262 BENEFICIIS
1141 206 1273 261 LIB.
1313 205 1380 260 H.
1421 204 1572 260 CAP.
1613 211 1823 258 24-27
2121 203 2208 268 43

364 351 562 417 Nullo
609 353 815 438 magis
855 351 1188 418 Caesarem
1224 350 1600 436 Augustum
1641 350 1953 415 demeruit
1999 355 2062 414 et
2111 349 2190 414 ad
2210 370 2238 418 1
2269 364 2424 419 XXV

189 443 318 506 alia
374 443 752 526 inpetranda
808 442 1066 506 facilem
1126 441 1251 505 sibi
1311 440 1587 504 reddidit
1645 439 1952 523 FurniuS,
2017 461 2210 524 quam

189 531 374 617 quod,
418 553 565 596 cum
608 531 779 615 patri
824 529 1227 595 Antonianas
1282 532 1498 613 partes
1547 532 1765 594 secuto
1811 529 2065 593 veniam
2109 528 2210 593 in-

188 623 525 704 petrasset,
571 621 759 684 dixit:
813 619 1033 704 „Hanc
1077 641 1298 704 unam,
1351 617 1598 703 Caesar,
1653 617 1859 682 habeo
1905 617 2210 681 iniuriam

132 735 161 774 5
188 714 389 774 tuam:
455 709 747 793 effecisti,
810 712 884 773 ut
949 712 1013 772 et
1066 708 1348 773 viverem
1405 711 1470 771 et
1523 728 1806 771 morerer
1861 706 2210 792 ingratusf‘

190 797 356 874 Quid
400 802 501 862 est
544 802 678 862 tam
723 799 895 884 grati
942 797 1157 881 animi,
1204 818 1397 880 quam
1442 795 1622 860 nullo
1659 796 1850 860 modo
1887 795 2014 860 sibi
2051 795 2208 859 satis

187 887 411 972 facere,
458 909 649 971 quam
692 909 775 950 ne
820 887 900 950 ad
946 909 1125 971 spem
1171 885 1428 970 quidem
1467 885 1859 968 exaequandi
1904 906 2212 968 umquam

188 975 480 1040 beneficii
553 976 887 1040 accedere?
995 975 1117 1039 His
1182 978 1376 1058 atque
1440 974 1754 1039 eiusmodi
1815 972 2080 1038 vocibus
2146 972 2212 1036 id
2250 990 2282 1037 2

187 1086 474 1150 agamus,
518 1069 592 1129 ut
636 1065 936 1129 voluntas
980 1068 1206 1128 nostra
1251 1084 1383 1127 non
1436 1063 1664 1147 lateat,
1721 1062 1833 1127 sed
1885 1062 2211 1146 aperiatur

36 1183 43 1188 ·
112 1180 161 1219 10
188 1158 248 1218 et
284 1155 515 1218 luceat.
586 1152 804 1219 Verba
840 1157 1089 1218 cessent
1123 1153 1299 1216 licet:
1347 1153 1419 1237 si,
1459 1151 1992 1237 quemadmodum
2031 1149 2212 1214 debe-

186 1265 343 1325 mus,
392 1243 628 1306 adfecti
664 1264 903 1327 sumUS,
944 1240 1332 1306 conscientia
1369 1241 1677 1305 eminebit
1711 1241 1781 1305 in
1815 1240 2016 1305 voltu.
2089 1237 2214 1315 Qui
2251 1256 2283 1304 3

186 1337 413 1417 gratus
468 1332 729 1395 futurus
776 1334 899 1415 est,
957 1331 1207 1415 statim,
1262 1330 1415 1395 dum
1463 1330 1718 1414 accipit,
1775 1329 1852 1393 de
1897 1328 2214 1393 reddendo

186 1421 447 1508 cogitet.
523 1417 926 1504 Chrysippus
955 1419 1214 1504 quidem
1242 1420 1336 1484 ait
1370 1419 1556 1483 illum
1583 1419 1762 1483 velut
1797 1419 1868 1481 in
1895 1421 2218 1482 certamen

188 1531 414 1574 cursus
434 1508 842 1592 conpositum
860 1513 925 1573 et
952 1508 1314 1572 carceribus
1342 1508 1659 1572 inclusum
1689 1507 1972 1590 opperiri
1991 1507 2216 1570 debere

112 1623 161 1664 15
187 1603 445 1683 tempus
490 1619 703 1682 suum,
759 1598 837 1661 ad
893 1598 1065 1682 quod
1109 1597 1285 1662 velut
1332 1597 1482 1661 dato
1531 1598 1717 1682 signo
1773 1595 2096 1680 prosiliat,
2153 1598 2217 1658 et

189 1688 447 1772 quidem
490 1709 725 1773 magna
768 1687 867 1750 illi
912 1687 1324 1751 contentione
1372 1707 1531 1770 opus
1570 1690 1687 1770 est,
1730 1705 1966 1770 magna
2002 1683 2217 1748 celeri-

187 1781 337 1862 tate,
384 1780 462 1840 ut
507 1779 935 1860 consequatur
982 1776 1474 1840 antecedentem.

362 1863 728 1930 Videndum
763 1867 862 1929 est
894 1886 1083 1949 nunc,
1120 1864 1275 1948 quid
1310 1863 1586 1927 maxime
1622 1862 1818 1928 faeiat
1853 1862 2163 1948 ingratos.
2199 1881 2227 1929 1
2250 1874 2434 1930 XXVI

186 1953 371 2020 Facit
418 1957 532 2019 aut
590 1953 829 2019 nimius
878 1953 979 2018 sui
1026 1958 1362 2037 suspectus
1408 1955 1474 2017 et
1517 1952 1787 2017 insitum
1832 1950 2220 2017 mortalitati

108 2073 164 2111 20
190 2045 423 2109 vitium
469 2065 538 2108 se
584 2065 826 2128 suaque
870 2043 1145 2107 mirandi
1192 2046 1304 2107 aut
1351 2042 1624 2107 aviditas
1671 2046 1784 2105 aut
1829 2041 2086 2106 invidia.

365 2130 757 2216 Incipiamus
804 2155 841 2196 a
886 2133 1111 2216 prim0.
1185 2130 1392 2196 Nemo
1440 2152 1572 2195 non
1616 2130 1934 2216 benignus
1982 2134 2080 2194 est
2119 2129 2221 2194 sui
2257 2146 2290 2194 2

189 2222 409 2306 iudex3
459 2221 607 2285 inde
652 2225 778 2305 est,
824 2225 897 2285 ut
944 2220 1159 2285 omnia
1202 2220 1514 2285 meruisse
1559 2242 1626 2284 se
1671 2219 1997 2284 existimet
2043 2223 2107 2283 et
2153 2220 2224 2283 in

193 2310 480 2375 solutum
534 2310 802 2395 accipiat
854 2332 971 2374 nec
1026 2310 1183 2374 satis
1238 2332 1354 2375 suo
1419 2309 1628 2393 pretio
1684 2330 1750 2372 se
1811 2307 2223 2373 aestimatum

194 2403 397 2481 putet.
468 2398 650 2484 „Hoc
684 2398 847 2464 mihi
884 2399 1075 2484 dedit,
1121 2399 1231 2463 sed
1269 2420 1464 2483 quam
1510 2420 1670 2482 ser0,
1719 2398 1830 2461 sed
1873 2400 2023 2481 post
2062 2399 2221 2480 quot

113 2516 167 2557 25
193 2488 494 2553 labores?
569 2491 813 2573 quanto
878 2488 1183 2571 consequi
1236 2488 1423 2572 plura
1477 2488 1861 2571 potuissem,
1927 2485 1983 2549 si
2034 2485 2222 2548 illum

194 2580 307 2641 aut
362 2577 548 2643 illum
602 2577 697 2641 ita
749 2600 851 2642 me
907 2577 1111 2641 colere
1160 2576 1574 2641 maluissem?
1645 2597 1781 2640 non
1832 2574 1956 2638 hoc
2012 2594 2223 2657 spera·

195 2688 413 2757 veram
422 2691 437 2750 3
484 2667 554 2730 in
597 2665 856 2730 turbam
904 2666 1228 2730 coniectus
1277 2686 1446 2751 sum3
1490 2669 1626 2730 tam
1673 2663 1908 2747 exiguo
1955 2661 2223 2747 dignum

194 2777 295 2819 me
323 2754 678 2819 iudicavit?
714 2754 1051 2819 honestius
1079 2754 1419 2839 praeteriri
1443 2754 1627 2818 fuitf‘
1685 2752 1798 2817 On.
1824 2750 2138 2815 Lentulus
2171 2771 2199 2819 1
2229 2764 2440 2819 XXVII

370 2935 398 2981 1
437 2934 549 2999 aug
578 2931 724 2999 0112
760 2928 972 2982 firmius
1011 2928 1081 2982 (³²
1106 2932 1125 2999 ΙΙ
1154 2934 1184 2981 ⁵
1223 2931 1287 2983 ut
1323 2928 1436 2982 11111.
1477 2930 1554 2997 (et
1593 2930 1715 2996 om.)
1754 2931 1847 2979 GP
1879 2927 1888 2994 Ι
1919 2942 2103 2980 morer
2135 2930 2178 2978 G
2217 2926 2225 2999 Ι

194 3006 225 3051 7
265 3016 435 3070 quam
463 3005 575 3053 lut
610 3017 778 3069 quem
807 3005 845 3054 0
877 3002 885 3069 Ι
916 3017 988 3055 ne
1016 3016 1116 3055 om.
1146 3005 1196 3051 Π
1221 2999 1351 3054 add.
1381 3001 1498 3054 ead.
1529 3016 1596 3052 m.
1631 2999 1640 3068 Ι
1673 2998 1747 3052 ad
1773 2996 2078 3068 pequidem
2103 2998 2178 3049 Nl

195 3071 511 3140 exequendi
533 3077 576 3124 G
608 3072 615 3140 Ι
649 3070 1085 3140 exaequantium
1112 3085 1283 3140 quam
1309 3070 1624 3143 beneficiisls
1639 3070 1713 3123 El
1739 3072 1758 3140 ΙΙ
1785 3075 1848 3123 10
1877 3072 1934 3123 et
1961 3068 2151 3123 luceat
2177 3074 2226 3121 H

195 3145 260 3195 ut
284 3142 473 3197 luceat
498 3147 647 3196 BG?
676 3145 734 3197 et
759 3142 895 3197 licet
920 3147 975 3195 Π
1006 3143 1014 3212 Ι
1048 3142 1096 3195 si
1124 3160 1223 3197 om.
1253 3143 1330 3194 ΠΙ
1355 3144 1374 3211 ΙΙ
1401 3148 1456 3194 11
1483 3159 1730 3196 summus
1757 3142 1832 3194 ΠΙ
1859 3143 1877 3210 fl
1904 3145 1965 3194 13
1995 3139 2227 3209 quidem

200 3212 282 3267 ait
308 3213 370 3266 in
395 3214 560 3269 illum
585 3213 745 3268 uelut
773 3216 1056 3267 certamen
1071 3218 1114 3265 G
1141 3212 1372 3282 quidem
1398 3212 1560 3266 illum
1587 3212 1664 3281 (in
1694 3230 1762 3268 ss.
1785 3212 1878 3282 12²)
1905 3211 2066 3266 uelut
2095 3214 2227 3266 cert.

196 3284 327 3337 R²B
364 3284 593 3353 quidem
620 3284 682 3339 in
707 3284 788 3339 ill.
810 3283 919 3339 uel.
941 3286 1073 3339 cert.
1094 3284 1338 3337 38²1?
1365 3287 1383 3354 u
1410 3290 1474 3337 14
1501 3283 1718 3354 operire
1747 3288 1896 3353 (opp.
1927 3287 1994 3354 11)
2025 3288 2063 3337 0
2091 3298 2228 3339 corr.

201 3376 243 3407 ω
282 3358 301 3425 ss
343 3362 402 3410 18
440 3356 594 3426 quod
628 3361 683 3409 Π
723 3359 731 3426 Ι
771 3372 915 3411 maz.
954 3355 1129 3410 feciat
1165 3355 1244 3425 (ia
1279 3373 1348 3411 ex
1382 3355 1424 3427 1)
1461 3362 1506 3408 Β
1545 3359 1564 3426 u
1603 3362 1667 3409 19
1703 3354 1844 3409 facit
1879 3371 1981 3409 om.
2021 3358 2176 3407 Gur
2217 3355 2224 3426 Ι

201 3426 435 3481 nimium
473 3432 511 3481 0
548 3443 685 3483 corr.
724 3448 767 3481 ω
800 3428 807 3499 Ι
841 3428 1130 3496 suspectus
1166 3431 1215 3478 Π
1252 3429 1396 3481 -ctos
1432 3428 1556 3481 Πό
1583 3430 1602 3497 ΙΙ
1637 3433 1708 3480 24
1743 3426 1899 3481 Haec
1931 3430 1987 3479 Π
2019 3428 2026 3494 Ι
2058 3441 2231 3493 quam

201 3514 303 3551 om.
334 3502 377 3550 G
408 3500 415 3569 Ι
448 3499 600 3567 quod
626 3504 672 3551 B
708 3498 860 3568 quod
886 3500 1015 3567 post
1040 3499 1115 3553 H?
1141 3500 1160 3567 ΙΙ
1187 3504 1257 3551 26
1284 3498 1370 3553 ita
1400 3498 1711 3555 Feldmann
1747 3501 1848 3551 aut
1877 3502 1915 3551 0
1951 3498 2096 3567 quod
2127 3496 2228 3549 del.

204 3568 367 3623 Gertz
405 3586 584 3637 aeque
620 3588 664 3624 c.
694 3570 926 3626 Hermes
962 3586 997 3623 a
1022 3586 1114 3624 me
1144 3569 1255 3624 coli
1283 3571 1402 3643 My.
1438 3572 1446 3642 Ι
1478 3569 1783 3641 potuissem
1812 3569 1887 3621 1³²
1912 3570 1932 3637 ΙΙ
1959 3573 2027 3622 28
2057 3564 2159 3619 Gfl.
2189 3572 2230 3618 Ρ
