2610 3920
242 1 555 83 maxima,
600 0 655 64 si
700 0 832 64 vim
877 21 1058 64 suam
1103 1 1418 85 continet,
1464 1 1518 65 si
1564 2 1804 67 multos
1849 2 1979 67 irae
2025 2 2268 69 alienae

245 89 505 173 eripuit,
547 89 867 153 neminem
915 110 1065 154 suae
1110 89 1418 172 inpendit.

427 175 639 242 Servis
677 177 991 260 imperare
1034 176 1360 242 moderate
1404 178 1544 244 laus
1591 182 1706 243 est.
1779 178 1871 244 Et
1905 180 1975 244 in
2014 204 2186 246 man-
2234 199 2262 247 1
2292 191 2489 246 XVIII

244 266 417 350 cipio
455 266 869 351 cogitandum
906 270 1021 349 est,
1064 287 1197 330 non
1234 270 1542 350 quantum
1582 266 1800 332 illud
1783 289 2020 352 inpune
2055 271 2267 353 possit

189 379 215 420 5
245 354 402 438 pati,
450 355 559 418 sed
596 357 910 438 quantum
946 317 1069 418 tibi
1106 355 1439 438 permittat
1477 356 1664 439 aequi
1701 356 1982 441 bonique
2017 362 2266 444 natura,

247 465 411 527 quae
472 465 732 527 parcere
795 443 989 508 etiam
1052 443 1322 527 captivis
1388 447 1452 508 et
1503 444 1712 528 pretio
1767 445 2010 528 paratis
2067 447 2260 512 iubet.

246 530 501 607 Quanto
557 532 792 596 iustius
846 531 1026 596 iubet
1078 531 1448 596 hominibus
1503 533 1742 615 liberis,
1797 533 2109 619 ingenuis,
2154 535 2268 599 ho-

244 621 447 684 nestis
491 642 625 685 non
668 623 745 684 ut
787 620 1121 704 mancipiis
1168 620 1350 686 abuti
1397 621 1508 686 sed
1551 625 1625 686 ut
1670 620 1800 704 1118,
1855 628 2017 705 q'uos
2063 624 2266 708 gradu

248 709 581 773 antecedas
630 730 1027 792 quorumque
1073 708 1197 772 tibi
1230 730 1366 773 11011
1411 709 1686 774 servitus
1731 710 1969 775 tradita
2007 712 2111 796 sit,
2157 713 2266 776 sed

162 823 216 862 10
248 797 467 862 tutela.
544 795 757 862 Servis
803 796 885 860 ad
929 800 1209 861 statuam
1252 798 1402 862 licet
1441 798 1806 883 confugere,
1852 820 1997 864 cum
2034 801 2104 864 in
2139 822 2265 864 ser·
2302 817 2335 863 2

245 907 399 950 vum
436 885 650 950 omnia
683 885 938 969 liceant,
975 889 1073 950 est
1112 885 1374 971 aliquid,
1402 887 1627 970 quod
1609 910 1678 951 m
1713 887 2037 953 hominem
2073 887 2263 954 licere

246 995 584 1040 commune
646 974 747 1039 ius
812 974 1234 1040 animantium
1292 979 1483 1040 vetet.
1582 974 1738 1051 Quis
1802 998 1933 1040 non
1990 975 2265 1042 Vedium

243 1062 605 1127 Pollionem
639 1063 821 1146 peius
860 1063 1079 1127 oderat
1117 1084 1310 1146 quam
1347 1064 1515 1128 servi
1561 1065 1680 1148 sui,
1721 1064 1892 1148 quod
1927 1087 2262 1131 muraenas

246 1150 557 1235 sanguine
619 1150 899 1216 humano
966 1151 1303 1236 saginabat
1367 1155 1431 1216 et
1495 1173 1631 1237 eos,
1704 1153 1816 1236 qui
1889 1175 1955 1217 se
2019 1154 2264 1238 aliquid

154 1265 215 1306 15
247 1239 661 1324 offenderant,
704 1241 775 1304 in
819 1240 1152 1324 vivarium,
1198 1239 1352 1324 quid
1397 1239 1571 1305 aliud
1617 1262 1808 1324 quam
1855 1243 2263 1327 serpentium,

246 1329 413 1394 abici
468 1328 774 1396 iubebat?
874 1326 927 1392 Ο
983 1328 1310 1393 hominem
1371 1328 1548 1392 mille
1603 1329 1922 1394 mortibus
1978 1331 2263 1416 dignum,

246 1418 380 1482 sive
416 1417 811 1482 devorandos
850 1438 1065 1482 servos
1104 1417 1424 1482 obiciebat
1459 1418 1800 1504 muraeniS,
1841 1440 2000 1520 quas
2037 1441 2259 1484 esurus

244 1509 409 1591 erat,
468 1506 602 1570 sive
656 1507 726 1569 in
778 1505 903 1570 hoc
956 1509 1211 1570 tantum
1263 1505 1412 1569 illas
1469 1505 1707 1592 alebat,
1771 1511 1844 1571 ut
1899 1507 1992 1572 sic
2045 1507 2260 1574 aleret.

243 1593 787 1671 Quemadmodum
843 1595 1086 1658 domini
1140 1593 1424 1658 crudeles
1474 1598 1615 1660 tota
1660 1595 1920 1660 civitate
1965 1617 2263 1661 conmon-
2299 1613 2332 1659 3

155 1709 215 1751 20
244 1687 534 1746 strantur
585 1682 906 1767 invisique
960 1687 1026 1748 et
1081 1681 1492 1747 detestabiles
1549 1688 1728 1770 sunt,
1780 1684 1874 1748 ita
1924 1705 2151 1770 regum
2197 1689 2261 1749 et

240 1771 480 1836 iniuria
531 1770 725 1835 latius
788 1775 969 1857 patet
1026 1775 1091 1837 et
1144 1771 1412 1835 infamia
1467 1775 1660 1856 atque
1716 1771 1934 1837 odium
1990 1774 2260 1839 830011118

240 1859 547 1943 traditur3
602 1864 843 1943 quanto
900 1863 1114 1924 autem
1167 1881 1299 1924 non
1349 1861 1527 1925 nasci
1579 1860 1808 1925 melius
1863 1861 2017 1946 fuit,
2070 1885 2262 1946 quam

237 1948 567 2015 numerari
612 1948 779 2013 inter
824 1947 1082 2033 publico
1128 1948 1299 2014 malo
1345 1951 1560 2014 natos!

419 2037 809 2122 Excogitare
862 2060 1051 2102 nemo
1099 2037 1442 2122 quicquam
1486 2039 1753 2122 poterit,
1809 2038 1980 2122 quod
2033 2039 2241 2123 magis
2283 2056 2310 2102 1
2341 2048 2476 2102 XIX

158 2153 213 2193 25
242 2127 543 2192 decorum
588 2126 838 2212 regenti
884 2127 969 2190 sit
1009 2148 1200 2210 quam
1235 2127 1589 2212 clementia,
1636 2148 2035 2213 quecumque
2069 2127 2260 2191 modo

240 2216 297 2284 18
362 2220 427 2280 et
490 2236 891 2299 quocumque
953 2216 1092 2279 iure
1153 2216 1560 2298 praepositus
1625 2216 1849 2281 ceteris
1914 2215 2054 2279 erit.
2157 2214 2259 2279 Eo

241 2304 486 2369 scilicet
530 2304 877 2369 formosius
920 2303 988 2367 id
1033 2324 1171 2368 esse
1215 2304 1854 2389 magnificentiusque
1897 2303 2261 2388 fatebimur,

241 2415 369 2476 quo
409 2393 472 2456 in
512 2393 753 2457 maiore
789 2391 1223 2477 praestabitur
1248 2396 1589 2477 potestate,
1628 2414 1819 2475 quam
1846 2413 1976 2456 non
2004 2395 2261 2474 oportet

418 2566 659 2647 sseripit
685 2573 730 2619 A
756 2569 775 2635 ΙΙ
802 2572 837 2619 4
872 2565 994 2635 pati
1020 2566 1199 2635 possit
1225 2571 1421 2620 AFLP
1447 2568 1466 2635 ΙΙ
1494 2571 1525 2618 ὅ
1557 2566 1656 2619 sed
1683 2583 1734 2634 q.
1764 2564 1873 2618 tibi
1899 2563 2093 2634 possit.
2152 2564 2260 2619 Sed

240 2639 515 2706 quantum
548 2636 658 2691 tibi
694 2653 866 2707 perm.
905 2643 945 2690 Ι,
977 2638 984 2707 Ι
1015 2636 1151 2691 boni
1186 2644 1226 2691 Ι,
1253 2640 1271 2707 ΙΙ
1300 2643 1334 2690 6
1372 2640 1429 2691 et
1465 2639 1609 2706 capt.
1647 2641 1693 2689 A
1725 2638 1732 2704 Ι
1766 2638 1822 2689 et
1857 2653 1957 2691 om.
1986 2640 2032 2688 A
2064 2638 2071 2703 Ι
2103 2634 2262 2691 iubet

241 2710 453 2789 quanto
490 2708 692 2761 iustius
731 2706 954 2776 (iustius
990 2707 1079 2761 his
1115 2711 1333 2777 AFLP)
1369 2707 1530 2761 iubet
1575 2710 1786 2775 quanto
1824 2708 2004 2775 (tanto
2043 2711 2260 2777 AFLP)

240 2778 443 2834 iustius
482 2779 627 2834 hom.
660 2784 697 2831 0
735 2795 869 2833 corr.
901 2799 943 2831 ω
980 2778 1141 2833 iubet
1175 2781 1408 2848 (quanto
1445 2778 1576 2833 iust.
1614 2778 1759 2833 hom.
1797 2777 1895 2832 lib.
1934 2778 1970 2832 i.
2010 2778 2112 2847 111)
2148 2795 2262 2832 non

246 2850 407 2907 Gertz
432 2852 453 2919 ΙΙ
481 2855 512 2901 8
541 2851 606 2903 ut
632 2848 721 2903 his
748 2854 795 2902 A
830 2848 918 2902 his
949 2854 986 2903 0
1019 2851 1027 2921 Ι
1060 2853 1225 2921 gratu
1259 2851 1337 2901 ΠΙ
1363 2852 1380 2919 ΙΙ
1407 2856 1442 2903 9
1479 2849 1776 2904 antecedas
1803 2854 1900 2902 ΔΙ,
1937 2853 2068 2904 ante
2097 2848 2262 2903 cedat

244 2926 281 2973 0
307 2924 325 2991 ΙΙ
353 2926 409 2973 11
445 2918 671 2974 1101111110
710 2924 747 2973 0
780 2922 787 2990 1
820 2920 907 2975 hic
944 2920 1145 2975 desinit
1177 2926 1223 2974 A
1259 2923 1277 2989 ΙΙ
1317 2926 1377 2973 13
1415 2938 1704 2974 1111110113111
1738 2927 1778 2974 Ι,
1805 2922 1823 2989 ΙΙ
1851 2926 1912 2973 14
1951 2936 2008 2973 80
2047 2937 2145 2975 om
2174 2925 2215 2971 Ρ
2241 2919 2260 2989 Η

240 2995 299 3042 15
329 2991 483 3059 quod
509 2996 550 3043 Ι,
576 2992 595 3061 ss
622 2996 682 3044 17
720 3008 975 3045 murenes
1004 2992 1046 3060 (i
1072 2996 1164 3062 83.)
1191 2997 1235 3043 Β
1263 2993 1281 3061 ΙΙ
1311 2998 1370 3044 18
1399 2992 1648 3045 habebat
1675 2997 1716 3043 F
1743 2994 1761 3059 ΙΙ
1787 2996 1849 3044 19
1877 2993 2259 3045 monstrantur

243 3068 274 3114 Β
319 3079 429 3131 quo
466 3064 695 3118 monstr.
735 3068 775 3115 Ι,
810 3065 829 3133 ΙΙ
864 3068 935 3117 20
973 3062 1310 3117 detestabile
1345 3067 1446 3114 RB
1474 3064 1494 3131 11
1529 3068 1599 3115 82
1635 3061 1834 3117 melius
1873 3078 1971 3117 om.
2011 3067 2112 3114 ΠΒ
2149 3060 2260 3112 fuit

239 3133 366 3187 mel.
396 3138 437 3185 Ι,
462 3136 481 3203 u
509 3138 577 3187 28
614 3133 843 3203 publica
870 3132 1023 3187 mala
1050 3139 1189 3186 ΕΗ
1216 3135 1233 3201 ΙΙ
1262 3138 1333 3185 24
1362 3149 1430 3186 ex
1468 3132 1612 3187 itare
1639 3133 1713 3184 11²
1739 3134 1757 3202 ΙΙ
1784 3138 1851 3185 25
1881 3130 2114 3202 regendi
2139 3131 2214 3182 Nl
2245 3129 2254 3201 Ι

242 3203 684 3273 quibuscumque
718 3204 899 3259 modis
938 3208 997 3259 et
1035 3211 1066 3257 Β
1094 3207 1111 3273 ΙΙ
1138 3210 1206 3257 28
1244 3206 1435 3273 presta
1473 3202 1522 3257 it
1556 3209 1740 3257 ΕΗΒ
1771 3205 1778 3274 Ι
1809 3204 1949 3274 pot.]
1986 3203 2195 3255 honore
2225 3206 2260 3253 8

346 3302 575 3343 81111011
604 3314 663 3344 01>
666 3313 763 3343 nu
788 3304 825 3344 1.
855 3306 879 3345 2
908 3304 978 3344 ed.
1006 3303 1123 3342 Hos
1136 3302 1225 3341 1118
1228 3332 1237 3341 .
1841 3296 1905 3344 16
