<?xml version="1.0" encoding="UTF-8"?>
<!DOCTYPE html PUBLIC "-//W3C//DTD XHTML 1.0 Transitional//EN"
    "http://www.w3.org/TR/xhtml1/DTD/xhtml1-transitional.dtd">
<html xmlns="http://www.w3.org/1999/xhtml" xml:lang="en" lang="en">
 <head>
  <title>
</title>
<meta http-equiv="Content-Type" content="text/html;charset=utf-8" />
  <meta name='ocr-system' content='tesseract 3.04.00' />
  <meta name='ocr-capabilities' content='ocr_page ocr_carea ocr_par ocr_line ocrx_word'/>
</head>
<body>
  <div class='ocr_page' id='page_1' title='image "./lannaeisenecaeo13senegoog_0263.png"; bbox 0 0 2610 3920; ppageno 0'>
   <div class='ocr_carea' id='block_1_1' title="bbox 175 811 202 852">
    <p class='ocr_par' dir='ltr' id='par_1_1' title="bbox 175 811 202 852">
     <span class='ocr_line' id='line_1_1' title="bbox 175 811 202 852; baseline 0 0"><span class='ocrx_word' id='word_1_1' title='bbox 175 811 202 852; x_wconf 85' lang='lat'><strong>5</strong></span> 
     </span>
    </p>
   </div>
   <div class='ocr_carea' id='block_1_2' title="bbox 147 1257 202 1296">
    <p class='ocr_par' dir='ltr' id='par_1_2' title="bbox 147 1257 202 1296">
     <span class='ocr_line' id='line_1_2' title="bbox 147 1257 202 1296; baseline -0.018 0"><span class='ocrx_word' id='word_1_2' title='bbox 147 1257 202 1296; x_wconf 89' lang='grc'><strong>10</strong></span> 
     </span>
    </p>
   </div>
   <div class='ocr_carea' id='block_1_3' title="bbox 147 1700 201 1741">
    <p class='ocr_par' dir='ltr' id='par_1_3' title="bbox 147 1700 201 1741">
     <span class='ocr_line' id='line_1_3' title="bbox 147 1700 201 1741; baseline 0.019 -1"><span class='ocrx_word' id='word_1_3' title='bbox 147 1700 201 1741; x_wconf 84' lang='grc'><strong>15</strong></span> 
     </span>
    </p>
   </div>
   <div class='ocr_carea' id='block_1_4' title="bbox 147 2145 202 2184">
    <p class='ocr_par' dir='ltr' id='par_1_4' title="bbox 147 2145 202 2184">
     <span class='ocr_line' id='line_1_4' title="bbox 147 2145 202 2184; baseline -0.018 0"><span class='ocrx_word' id='word_1_4' title='bbox 147 2145 202 2184; x_wconf 78' lang='lat'><strong>20</strong></span> 
     </span>
    </p>
   </div>
   <div class='ocr_carea' id='block_1_5' title="bbox 235 210 2257 658">
    <p class='ocr_par' dir='ltr' id='par_1_5' title="bbox 235 210 2257 532">
     <span class='ocr_line' id='line_1_5' title="bbox 634 210 2257 275; baseline 0.006 -10"><span class='ocrx_word' id='word_1_5' title='bbox 634 211 729 265; x_wconf 89' lang='lat' dir='ltr'><strong>DE</strong></span> <span class='ocrx_word' id='word_1_6' title='bbox 768 211 1188 266; x_wconf 86' lang='lat' dir='ltr'>CLEMENTIA</span> <span class='ocrx_word' id='word_1_7' title='bbox 1225 212 1356 266; x_wconf 90' lang='lat' dir='ltr'><strong>LIB.</strong></span> <span class='ocrx_word' id='word_1_8' title='bbox 1394 212 1433 265; x_wconf 94' lang='lat' dir='ltr'><strong>I.</strong></span> <span class='ocrx_word' id='word_1_9' title='bbox 1472 212 1624 267; x_wconf 87' lang='lat' dir='ltr'><strong>CAP.</strong></span> <span class='ocrx_word' id='word_1_10' title='bbox 1666 218 1749 268; x_wconf 84' lang='lat'><strong>12.</strong></span> <span class='ocrx_word' id='word_1_11' title='bbox 1792 218 1855 265; x_wconf 87' lang='grc'><strong>13</strong></span> <span class='ocrx_word' id='word_1_12' title='bbox 2128 210 2257 275; x_wconf 79' lang='lat'><strong>235</strong></span> 
     </span>
     <span class='ocr_line' id='line_1_6' title="bbox 235 355 2257 444; baseline 0 -24"><span class='ocrx_word' id='word_1_13' title='bbox 235 358 386 441; x_wconf 92' lang='lat' dir='ltr'><strong>quia</strong></span> <span class='ocrx_word' id='word_1_14' title='bbox 443 357 689 422; x_wconf 85' lang='lat' dir='ltr'><strong>invisus</strong></span> <span class='ocrx_word' id='word_1_15' title='bbox 746 361 872 442; x_wconf 88' lang='lat' dir='ltr'><strong>est,</strong></span> <span class='ocrx_word' id='word_1_16' title='bbox 926 362 990 422; x_wconf 87' lang='lat' dir='ltr'><strong>et</strong></span> <span class='ocrx_word' id='word_1_17' title='bbox 1035 358 1149 422; x_wconf 92' lang='lat' dir='ltr'><strong>illo</strong></span> <span class='ocrx_word' id='word_1_18' title='bbox 1197 356 1537 422; x_wconf 81' lang='lat' dir='ltr'><strong>execrabili</strong></span> <span class='ocrx_word' id='word_1_19' title='bbox 1585 378 1802 444; x_wconf 83' lang='lat' dir='ltr'><strong>versu,</strong></span> <span class='ocrx_word' id='word_1_20' title='bbox 1856 357 1969 440; x_wconf 92' lang='lat' dir='ltr'><strong>qui</strong></span> <span class='ocrx_word' id='word_1_21' title='bbox 2012 355 2257 421; x_wconf 87' lang='lat' dir='ltr'><strong>multos</strong></span> 
     </span>
     <span class='ocr_line' id='line_1_7' title="bbox 235 446 1128 532; baseline 0.002 -23"><span class='ocrx_word' id='word_1_22' title='bbox 235 446 613 530; x_wconf 90' lang='lat' dir='ltr'><strong>praecipites</strong></span> <span class='ocrx_word' id='word_1_23' title='bbox 660 446 852 532; x_wconf 83' lang='lat' dir='ltr'><strong>dedit,</strong></span> <span class='ocrx_word' id='word_1_24' title='bbox 897 447 1128 512; x_wconf 87' lang='lat' dir='ltr'><strong>utitur:</strong></span> 
     </span>
    </p>

    <p class='ocr_par' dir='ltr' id='par_1_6' title="bbox 789 569 1701 658">
     <span class='ocr_line' id='line_1_8' title="bbox 789 569 1701 658; baseline -0.001 -22"><span class='ocrx_word' id='word_1_25' title='bbox 789 570 1111 658; x_wconf 82' lang='lat' dir='ltr'><strong>‚,Oderint,</strong></span> <span class='ocrx_word' id='word_1_26' title='bbox 1157 571 1310 635; x_wconf 91' lang='lat' dir='ltr'><strong>dum</strong></span> <span class='ocrx_word' id='word_1_27' title='bbox 1356 569 1701 655; x_wconf 83' lang='lat' dir='ltr'><strong>metuant“,</strong></span> 
     </span>
    </p>
   </div>
   <div class='ocr_carea' id='block_1_6' title="bbox 233 694 2254 939">
    <p class='ocr_par' dir='ltr' id='par_1_7' title="bbox 233 694 2254 939">
     <span class='ocr_line' id='line_1_9' title="bbox 233 694 2254 781; baseline -0 -22"><span class='ocrx_word' id='word_1_28' title='bbox 233 695 516 781; x_wconf 76' lang='lat' dir='ltr'><strong>ignaruS‚</strong></span> <span class='ocrx_word' id='word_1_29' title='bbox 562 701 804 780; x_wconf 88' lang='lat' dir='ltr'><strong>quanta</strong></span> <span class='ocrx_word' id='word_1_30' title='bbox 848 695 1056 760; x_wconf 84' lang='lat' dir='ltr'><strong>rabies</strong></span> <span class='ocrx_word' id='word_1_31' title='bbox 1105 697 1369 780; x_wconf 84' lang='lat' dir='ltr'><strong>oriatur,</strong></span> <span class='ocrx_word' id='word_1_32' title='bbox 1413 695 1527 759; x_wconf 88' lang='lat' dir='ltr'><strong>ubi</strong></span> <span class='ocrx_word' id='word_1_33' title='bbox 1574 716 1768 777; x_wconf 83' lang='lat' dir='ltr'><strong>supra</strong></span> <span class='ocrx_word' id='word_1_34' title='bbox 1811 694 2071 759; x_wconf 89' lang='lat' dir='ltr'><strong>modum</strong></span> <span class='ocrx_word' id='word_1_35' title='bbox 2111 694 2254 759; x_wconf 85' lang='lat' dir='ltr'><strong>odia</strong></span> 
     </span>
     <span class='ocr_line' id='line_1_10' title="bbox 233 783 2254 869; baseline 0 -22"><span class='ocrx_word' id='word_1_36' title='bbox 233 788 584 849; x_wconf 81' lang='lat' dir='ltr'><strong>creverunt.</strong></span> <span class='ocrx_word' id='word_1_37' title='bbox 685 785 1102 869; x_wconf 81' lang='lat' dir='ltr'><strong>Temperatus</strong></span> <span class='ocrx_word' id='word_1_38' title='bbox 1169 786 1339 849; x_wconf 86' lang='lat' dir='ltr'><strong>enim</strong></span> <span class='ocrx_word' id='word_1_39' title='bbox 1398 786 1601 849; x_wconf 87' lang='lat' dir='ltr'><strong>timor</strong></span> <span class='ocrx_word' id='word_1_40' title='bbox 1663 783 1922 848; x_wconf 89' lang='lat' dir='ltr'><strong>cohibet</strong></span> <span class='ocrx_word' id='word_1_41' title='bbox 1986 784 2254 868; x_wconf 80' lang='grc'>61111666,</span> 
     </span>
     <span class='ocr_line' id='line_1_11' title="bbox 233 871 2253 939; baseline 0 -3"><span class='ocrx_word' id='word_1_42' title='bbox 233 872 536 938; x_wconf 90' lang='lat' dir='ltr'><strong>adsiduus</strong></span> <span class='ocrx_word' id='word_1_43' title='bbox 563 896 714 939; x_wconf 86' lang='lat' dir='ltr'><strong>vero</strong></span> <span class='ocrx_word' id='word_1_44' title='bbox 743 879 808 939; x_wconf 90' lang='lat' dir='ltr'><strong>et</strong></span> <span class='ocrx_word' id='word_1_45' title='bbox 845 894 987 938; x_wconf 86' lang='lat' dir='ltr'><strong>acer</strong></span> <span class='ocrx_word' id='word_1_46' title='bbox 1014 878 1078 937; x_wconf 92' lang='lat' dir='ltr'><strong>et</strong></span> <span class='ocrx_word' id='word_1_47' title='bbox 1117 878 1401 938; x_wconf 86' lang='lat' dir='ltr'><strong>extrema</strong></span> <span class='ocrx_word' id='word_1_48' title='bbox 1438 874 1783 938; x_wconf 81' lang='lat' dir='ltr'><strong>admovens</strong></span> <span class='ocrx_word' id='word_1_49' title='bbox 1820 872 1891 936; x_wconf 88' lang='lat' dir='ltr'><strong>in</strong></span> <span class='ocrx_word' id='word_1_50' title='bbox 1926 871 2253 937; x_wconf 82' lang='lat' dir='ltr'>audaciam</span> 
     </span>
    </p>
   </div>
   <div class='ocr_carea' id='block_1_7' title="bbox 233 960 2323 1047">
    <p class='ocr_par' dir='ltr' id='par_1_8' title="bbox 233 960 2323 1047">
     <span class='ocr_line' id='line_1_12' title="bbox 233 960 2323 1047; baseline 0 -22"><span class='ocrx_word' id='word_1_51' title='bbox 233 962 510 1026; x_wconf 88' lang='lat' dir='ltr'><strong>iacentes</strong></span> <span class='ocrx_word' id='word_1_52' title='bbox 567 964 804 1028; x_wconf 84' lang='lat' dir='ltr'><strong>excitat</strong></span> <span class='ocrx_word' id='word_1_53' title='bbox 858 967 923 1027; x_wconf 87' lang='lat' dir='ltr'><strong>et</strong></span> <span class='ocrx_word' id='word_1_54' title='bbox 979 963 1192 1027; x_wconf 87' lang='lat' dir='ltr'><strong>omnia</strong></span> <span class='ocrx_word' id='word_1_55' title='bbox 1248 963 1525 1047; x_wconf 83' lang='lat' dir='ltr'><strong>experiri</strong></span> <span class='ocrx_word' id='word_1_56' title='bbox 1580 961 1819 1026; x_wconf 80' lang='lat' dir='ltr'><strong>suadet.</strong></span> <span class='ocrx_word' id='word_1_57' title='bbox 1922 960 2027 1026; x_wconf 89' lang='lat' dir='ltr'><strong>Sic</strong></span> <span class='ocrx_word' id='word_1_58' title='bbox 2084 961 2253 1025; x_wconf 72' lang='lat' dir='ltr'><strong>feras</strong></span> <span class='ocrx_word' id='word_1_59' title='bbox 2292 978 2323 1026; x_wconf 81' lang='lat'>5</span> 
     </span>
    </p>
   </div>
   <div class='ocr_carea' id='block_1_8' title="bbox 230 1051 2256 1490">
    <p class='ocr_par' dir='ltr' id='par_1_9' title="bbox 230 1051 2256 1490">
     <span class='ocr_line' id='line_1_13' title="bbox 230 1051 2254 1138; baseline -0 -24"><span class='ocrx_word' id='word_1_60' title='bbox 230 1051 402 1115; x_wconf 89' lang='lat' dir='ltr'><strong>linea</strong></span> <span class='ocrx_word' id='word_1_61' title='bbox 439 1056 502 1115; x_wconf 90' lang='lat' dir='ltr'><strong>et</strong></span> <span class='ocrx_word' id='word_1_62' title='bbox 539 1053 774 1135; x_wconf 87' lang='lat' dir='ltr'><strong>pinnae</strong></span> <span class='ocrx_word' id='word_1_63' title='bbox 810 1052 1019 1117; x_wconf 90' lang='lat' dir='ltr'><strong>clusas</strong></span> <span class='ocrx_word' id='word_1_64' title='bbox 1057 1052 1445 1138; x_wconf 83' lang='lat' dir='ltr'><strong>contineant,</strong></span> <span class='ocrx_word' id='word_1_65' title='bbox 1482 1051 1733 1116; x_wconf 88' lang='lat' dir='ltr'><strong>easdem</strong></span> <span class='ocrx_word' id='word_1_66' title='bbox 1770 1073 1807 1114; x_wconf 84' lang='lat' dir='ltr'><strong>a</strong></span> <span class='ocrx_word' id='word_1_67' title='bbox 1842 1054 2026 1135; x_wconf 84' lang='lat' dir='ltr'><strong>tergo</strong></span> <span class='ocrx_word' id='word_1_68' title='bbox 2059 1071 2254 1133; x_wconf 80' lang='lat' dir='ltr'><strong>eques</strong></span> 
     </span>
     <span class='ocr_line' id='line_1_14' title="bbox 232 1138 2255 1226; baseline -0.001 -23"><span class='ocrx_word' id='word_1_69' title='bbox 232 1140 381 1204; x_wconf 89' lang='lat' dir='ltr'><strong>telis</strong></span> <span class='ocrx_word' id='word_1_70' title='bbox 427 1140 728 1205; x_wconf 75' lang='lat' dir='ltr'><strong>incessat:</strong></span> <span class='ocrx_word' id='word_1_71' title='bbox 783 1141 1192 1224; x_wconf 86' lang='lat' dir='ltr'><strong>temptabunt</strong></span> <span class='ocrx_word' id='word_1_72' title='bbox 1238 1141 1462 1226; x_wconf 85' lang='lat' dir='ltr'><strong>fugam</strong></span> <span class='ocrx_word' id='word_1_73' title='bbox 1507 1162 1621 1223; x_wconf 89' lang='lat' dir='ltr'><strong>per</strong></span> <span class='ocrx_word' id='word_1_74' title='bbox 1665 1140 1824 1223; x_wconf 88' lang='lat' dir='ltr'><strong>ipsa,</strong></span> <span class='ocrx_word' id='word_1_75' title='bbox 1871 1160 2033 1223; x_wconf 87' lang='lat' dir='ltr'><strong>quae</strong></span> <span class='ocrx_word' id='word_1_76' title='bbox 2079 1138 2255 1224; x_wconf 83' lang='lat' dir='ltr'><strong>fuge-</strong></span> 
     </span>
     <span class='ocr_line' id='line_1_15' title="bbox 232 1226 2253 1316; baseline -0 -24"><span class='ocrx_word' id='word_1_77' title='bbox 232 1233 408 1316; x_wconf 82' lang='lat' dir='ltr'><strong>rant,</strong></span> <span class='ocrx_word' id='word_1_78' title='bbox 469 1229 1060 1313; x_wconf 74' lang='lat' dir='ltr'><strong>proculcabuntque</strong></span> <span class='ocrx_word' id='word_1_79' title='bbox 1121 1228 1543 1294; x_wconf 85' lang='lat' dir='ltr'><strong>formidinem.</strong></span> <span class='ocrx_word' id='word_1_80' title='bbox 1653 1226 1983 1292; x_wconf 88' lang='lat' dir='ltr'><strong>Acerrima</strong></span> <span class='ocrx_word' id='word_1_81' title='bbox 2046 1228 2253 1291; x_wconf 82' lang='lat' dir='ltr'><strong>virtus</strong></span> 
     </span>
     <span class='ocr_line' id='line_1_16' title="bbox 231 1316 2256 1402; baseline -0.001 -21"><span class='ocrx_word' id='word_1_82' title='bbox 231 1321 350 1402; x_wconf 87' lang='lat' dir='ltr'><strong>est,</strong></span> <span class='ocrx_word' id='word_1_83' title='bbox 380 1339 572 1400; x_wconf 90' lang='lat' dir='ltr'><strong>quam</strong></span> <span class='ocrx_word' id='word_1_84' title='bbox 599 1318 828 1382; x_wconf 89' lang='lat' dir='ltr'><strong>ultima</strong></span> <span class='ocrx_word' id='word_1_85' title='bbox 853 1318 1200 1383; x_wconf 85' lang='lat' dir='ltr'><strong>necessitas</strong></span> <span class='ocrx_word' id='word_1_86' title='bbox 1227 1317 1541 1382; x_wconf 84' lang='lat' dir='ltr'><strong>extundit.</strong></span> <span class='ocrx_word' id='word_1_87' title='bbox 1613 1316 1963 1401; x_wconf 85' lang='lat' dir='ltr'><strong>Relinquat</strong></span> <span class='ocrx_word' id='word_1_88' title='bbox 1998 1320 2256 1400; x_wconf 88' lang='lat' dir='ltr'><strong>oportet</strong></span> 
     </span>
     <span class='ocr_line' id='line_1_17' title="bbox 230 1406 2255 1490; baseline 0 -21"><span class='ocrx_word' id='word_1_89' title='bbox 230 1406 438 1470; x_wconf 88' lang='lat' dir='ltr'><strong>securi</strong></span> <span class='ocrx_word' id='word_1_90' title='bbox 484 1406 728 1490; x_wconf 88' lang='lat' dir='ltr'><strong>aliquid</strong></span> <span class='ocrx_word' id='word_1_91' title='bbox 771 1412 981 1471; x_wconf 91' lang='lat' dir='ltr'><strong>metus</strong></span> <span class='ocrx_word' id='word_1_92' title='bbox 1025 1407 1360 1490; x_wconf 89' lang='lat' dir='ltr'><strong>multoque</strong></span> <span class='ocrx_word' id='word_1_93' title='bbox 1405 1406 1551 1489; x_wconf 90' lang='lat' dir='ltr'><strong>plus</strong></span> <span class='ocrx_word' id='word_1_94' title='bbox 1600 1406 1737 1490; x_wconf 90' lang='lat' dir='ltr'><strong>spei</strong></span> <span class='ocrx_word' id='word_1_95' title='bbox 1784 1428 1976 1489; x_wconf 88' lang='lat' dir='ltr'><strong>quam</strong></span> <span class='ocrx_word' id='word_1_96' title='bbox 2012 1406 2255 1489; x_wconf 90' lang='lat' dir='ltr'><strong>pericu-</strong></span> 
     </span>
    </p>
   </div>
   <div class='ocr_carea' id='block_1_9' title="bbox 229 1495 2315 1582">
    <p class='ocr_par' dir='ltr' id='par_1_10' title="bbox 229 1495 2315 1582">
     <span class='ocr_line' id='line_1_18' title="bbox 229 1495 2315 1582; baseline -0.001 -23"><span class='ocrx_word' id='word_1_97' title='bbox 229 1495 443 1559; x_wconf 90' lang='lat' dir='ltr'><strong>lorum</strong></span> <span class='ocrx_word' id='word_1_98' title='bbox 471 1499 776 1580; x_wconf 83' lang='lat' dir='ltr'><strong>ostentet3</strong></span> <span class='ocrx_word' id='word_1_99' title='bbox 813 1496 1074 1582; x_wconf 81' lang='lat' dir='ltr'><strong>alioqui,</strong></span> <span class='ocrx_word' id='word_1_100' title='bbox 1107 1496 1221 1560; x_wconf 90' lang='lat' dir='ltr'><strong>ubi</strong></span> <span class='ocrx_word' id='word_1_101' title='bbox 1259 1496 1612 1579; x_wconf 87' lang='lat' dir='ltr'><strong>quiescenti</strong></span> <span class='ocrx_word' id='word_1_102' title='bbox 1648 1495 1828 1579; x_wconf 90' lang='lat' dir='ltr'><strong>paria</strong></span> <span class='ocrx_word' id='word_1_103' title='bbox 1862 1498 2255 1578; x_wconf 83' lang='lat' dir='ltr'><strong>metuuntur,</strong></span> <span class='ocrx_word' id='word_1_104' title='bbox 2311 1534 2315 1537; x_wconf 93' lang='lat'><em>-</em></span> 
     </span>
    </p>
   </div>
   <div class='ocr_carea' id='block_1_10' title="bbox 232 1582 2253 1668">
    <p class='ocr_par' dir='ltr' id='par_1_11' title="bbox 232 1582 2253 1668">
     <span class='ocr_line' id='line_1_19' title="bbox 232 1582 2253 1668; baseline -0.001 -20"><span class='ocrx_word' id='word_1_105' title='bbox 232 1584 556 1649; x_wconf 88' lang='lat' dir='ltr'><strong>incurrere</strong></span> <span class='ocrx_word' id='word_1_106' title='bbox 610 1585 680 1649; x_wconf 90' lang='lat' dir='ltr'><strong>in</strong></span> <span class='ocrx_word' id='word_1_107' title='bbox 733 1585 1014 1668; x_wconf 91' lang='lat' dir='ltr'><strong>pericula</strong></span> <span class='ocrx_word' id='word_1_108' title='bbox 1067 1586 1247 1649; x_wconf 84' lang='lat' dir='ltr'><strong>iuvat</strong></span> <span class='ocrx_word' id='word_1_109' title='bbox 1303 1588 1368 1649; x_wconf 86' lang='lat' dir='ltr'><strong>et</strong></span> <span class='ocrx_word' id='word_1_110' title='bbox 1422 1590 1493 1649; x_wconf 78' lang='lat' dir='ltr'><strong>ut</strong></span> <span class='ocrx_word' id='word_1_111' title='bbox 1545 1584 1751 1648; x_wconf 88' lang='lat' dir='ltr'><strong>aliena</strong></span> <span class='ocrx_word' id='word_1_112' title='bbox 1797 1584 2007 1647; x_wconf 84' lang='lat' dir='ltr'><strong>anima</strong></span> <span class='ocrx_word' id='word_1_113' title='bbox 2054 1582 2253 1647; x_wconf 88' lang='lat' dir='ltr'><strong>abuti.</strong></span> 
     </span>
    </p>
   </div>
   <div class='ocr_carea' id='block_1_11' title="bbox 407 1671 2467 1759">
    <p class='ocr_par' dir='ltr' id='par_1_12' title="bbox 407 1671 2467 1759">
     <span class='ocr_line' id='line_1_20' title="bbox 407 1671 2467 1759; baseline -0 -22"><span class='ocrx_word' id='word_1_114' title='bbox 407 1672 667 1738; x_wconf 89' lang='lat' dir='ltr'><strong>Placido</strong></span> <span class='ocrx_word' id='word_1_115' title='bbox 724 1674 1202 1758; x_wconf 90' lang='lat' dir='ltr'><strong>tranquilloque</strong></span> <span class='ocrx_word' id='word_1_116' title='bbox 1255 1673 1395 1759; x_wconf 84' lang='lat' dir='ltr'><strong>regi</strong></span> <span class='ocrx_word' id='word_1_117' title='bbox 1448 1671 1575 1737; x_wconf 86' lang='lat' dir='ltr'><strong>fida</strong></span> <span class='ocrx_word' id='word_1_118' title='bbox 1606 1676 1772 1737; x_wconf 89' lang='lat' dir='ltr'><strong>sunt</strong></span> <span class='ocrx_word' id='word_1_119' title='bbox 1818 1671 2055 1735; x_wconf 80' lang='lat' dir='ltr'><strong>auxilia</strong></span> <span class='ocrx_word' id='word_1_120' title='bbox 2102 1694 2235 1757; x_wconf 82' lang='lat' dir='ltr'><strong>sua,</strong></span> <span class='ocrx_word' id='word_1_121' title='bbox 2276 1688 2303 1735; x_wconf 85' lang='lat'>1</span> <span class='ocrx_word' id='word_1_122' title='bbox 2334 1682 2467 1736; x_wconf 82' lang='lat' dir='ltr'>XIII</span> 
     </span>
    </p>
   </div>
   <div class='ocr_carea' id='block_1_12' title="bbox 231 1760 2254 2558">
    <p class='ocr_par' dir='ltr' id='par_1_13' title="bbox 231 1760 2254 2558">
     <span class='ocr_line' id='line_1_21' title="bbox 231 1760 2252 1847; baseline -0 -22"><span class='ocrx_word' id='word_1_123' title='bbox 231 1765 306 1825; x_wconf 87' lang='lat' dir='ltr'><strong>ut</strong></span> <span class='ocrx_word' id='word_1_124' title='bbox 351 1763 584 1845; x_wconf 90' lang='lat' dir='ltr'><strong>quibus</strong></span> <span class='ocrx_word' id='word_1_125' title='bbox 631 1762 711 1825; x_wconf 90' lang='lat' dir='ltr'><strong>ad</strong></span> <span class='ocrx_word' id='word_1_126' title='bbox 757 1784 1157 1827; x_wconf 88' lang='lat' dir='ltr'><strong>communem</strong></span> <span class='ocrx_word' id='word_1_127' title='bbox 1205 1762 1479 1827; x_wconf 89' lang='lat' dir='ltr'><strong>salutem</strong></span> <span class='ocrx_word' id='word_1_128' title='bbox 1518 1765 1760 1847; x_wconf 86' lang='lat' dir='ltr'><strong>utatur,</strong></span> <span class='ocrx_word' id='word_1_129' title='bbox 1804 1760 2252 1845; x_wconf 85' lang='lat' dir='ltr'><strong>gloriosusque</strong></span> 
     </span>
     <span class='ocr_line' id='line_1_22' title="bbox 231 1846 2253 1938; baseline 0 -25"><span class='ocrx_word' id='word_1_130' title='bbox 231 1850 416 1915; x_wconf 90' lang='lat' dir='ltr'><strong>miles</strong></span> <span class='ocrx_word' id='word_1_131' title='bbox 463 1848 787 1938; x_wconf 90' lang='lat' dir='ltr'><strong>(publicae</strong></span> <span class='ocrx_word' id='word_1_132' title='bbox 833 1852 1002 1915; x_wconf 97' lang='grc'>6111111</span> <span class='ocrx_word' id='word_1_133' title='bbox 1051 1851 1381 1915; x_wconf 89' lang='lat' dir='ltr'><strong>securitati</strong></span> <span class='ocrx_word' id='word_1_134' title='bbox 1436 1872 1503 1915; x_wconf 92' lang='lat' dir='ltr'><strong>se</strong></span> <span class='ocrx_word' id='word_1_135' title='bbox 1549 1851 1697 1915; x_wconf 91' lang='lat' dir='ltr'><strong>dare</strong></span> <span class='ocrx_word' id='word_1_136' title='bbox 1746 1872 2003 1933; x_wconf 87' lang='lat' dir='ltr'><strong>operam</strong></span> <span class='ocrx_word' id='word_1_137' title='bbox 2048 1846 2253 1935; x_wconf 84' lang='lat' dir='ltr'><strong>videt)</strong></span> 
     </span>
     <span class='ocr_line' id='line_1_23' title="bbox 232 1940 2254 2042; baseline 0 -39"><span class='ocrx_word' id='word_1_138' title='bbox 232 1960 486 2004; x_wconf 91' lang='lat' dir='ltr'><strong>omnem</strong></span> <span class='ocrx_word' id='word_1_139' title='bbox 538 1940 827 2009; x_wconf 87' lang='lat' dir='ltr'><strong>laborem</strong></span> <span class='ocrx_word' id='word_1_140' title='bbox 879 1940 1088 2005; x_wconf 91' lang='lat' dir='ltr'><strong>libens</strong></span> <span class='ocrx_word' id='word_1_141' title='bbox 1135 1940 1383 2042; x_wconf 88' lang='lat' dir='ltr'><strong>patitur</strong></span> <span class='ocrx_word' id='word_1_142' title='bbox 1427 1943 1502 2004; x_wconf 90' lang='lat' dir='ltr'><strong>ut</strong></span> <span class='ocrx_word' id='word_1_143' title='bbox 1554 1940 1838 2023; x_wconf 89' lang='lat' dir='ltr'><strong>parentis</strong></span> <span class='ocrx_word' id='word_1_144' title='bbox 1885 1942 2129 2023; x_wconf 83' lang='lat' dir='ltr'><strong>custos3</strong></span> <span class='ocrx_word' id='word_1_145' title='bbox 2186 1942 2254 2003; x_wconf 91' lang='lat' dir='ltr'><strong>at</strong></span> 
     </span>
     <span class='ocr_line' id='line_1_24' title="bbox 231 2028 2253 2115; baseline 0 -23"><span class='ocrx_word' id='word_1_146' title='bbox 231 2028 418 2092; x_wconf 90' lang='lat' dir='ltr'><strong>illum</strong></span> <span class='ocrx_word' id='word_1_147' title='bbox 472 2030 767 2094; x_wconf 90' lang='lat' dir='ltr'><strong>acerbum</strong></span> <span class='ocrx_word' id='word_1_148' title='bbox 813 2033 877 2094; x_wconf 86' lang='lat' dir='ltr'><strong>et</strong></span> <span class='ocrx_word' id='word_1_149' title='bbox 927 2029 1409 2115; x_wconf 86' lang='lat' dir='ltr'><strong>sanguinarium</strong></span> <span class='ocrx_word' id='word_1_150' title='bbox 1454 2050 1709 2093; x_wconf 86' lang='lat' dir='ltr'><strong>necesse</strong></span> <span class='ocrx_word' id='word_1_151' title='bbox 1760 2032 1858 2092; x_wconf 91' lang='lat' dir='ltr'><strong>est</strong></span> <span class='ocrx_word' id='word_1_152' title='bbox 1904 2033 2253 2114; x_wconf 84' lang='lat' dir='ltr'><strong>graventur</strong></span> 
     </span>
     <span class='ocr_line' id='line_1_25' title="bbox 233 2117 2253 2202; baseline 0.001 -22"><span class='ocrx_word' id='word_1_153' title='bbox 233 2117 578 2200; x_wconf 89' lang='lat' dir='ltr'><strong>stipatores</strong></span> <span class='ocrx_word' id='word_1_154' title='bbox 626 2119 742 2183; x_wconf 89' lang='lat' dir='ltr'><strong>sui.</strong></span> <span class='ocrx_word' id='word_1_155' title='bbox 821 2117 974 2184; x_wconf 90' lang='lat' dir='ltr'><strong>Non</strong></span> <span class='ocrx_word' id='word_1_156' title='bbox 1009 2122 1226 2202; x_wconf 90' lang='lat' dir='ltr'><strong>potest</strong></span> <span class='ocrx_word' id='word_1_157' title='bbox 1269 2117 1506 2183; x_wconf 89' lang='lat' dir='ltr'><strong>habere</strong></span> <span class='ocrx_word' id='word_1_158' title='bbox 1553 2118 1892 2201; x_wconf 88' lang='lat' dir='ltr'><strong>quisquam</strong></span> <span class='ocrx_word' id='word_1_159' title='bbox 1937 2118 2143 2182; x_wconf 88' lang='lat' dir='ltr'><strong>bonae</strong></span> <span class='ocrx_word' id='word_1_160' title='bbox 2180 2139 2253 2182; x_wconf 90' lang='lat' dir='ltr'><strong>ac</strong></span> 
     </span>
     <span class='ocr_line' id='line_1_26' title="bbox 231 2204 2250 2292; baseline 0.001 -24"><span class='ocrx_word' id='word_1_161' title='bbox 231 2204 398 2269; x_wconf 91' lang='lat' dir='ltr'><strong>fidae</strong></span> <span class='ocrx_word' id='word_1_162' title='bbox 426 2206 778 2272; x_wconf 83' lang='lat' dir='ltr'><strong>voluntatis</strong></span> <span class='ocrx_word' id='word_1_163' title='bbox 806 2208 1158 2292; x_wconf 83' lang='lat' dir='ltr'><strong>ministros,</strong></span> <span class='ocrx_word' id='word_1_164' title='bbox 1196 2207 1432 2291; x_wconf 88' lang='lat' dir='ltr'><strong>quibus</strong></span> <span class='ocrx_word' id='word_1_165' title='bbox 1461 2207 1531 2270; x_wconf 91' lang='lat' dir='ltr'><strong>in</strong></span> <span class='ocrx_word' id='word_1_166' title='bbox 1565 2207 1902 2270; x_wconf 86' lang='lat' dir='ltr'><strong>tormentis</strong></span> <span class='ocrx_word' id='word_1_167' title='bbox 1933 2210 2007 2271; x_wconf 92' lang='lat' dir='ltr'><strong>ut</strong></span> <span class='ocrx_word' id='word_1_168' title='bbox 2035 2206 2250 2271; x_wconf 90' lang='lat' dir='ltr'><strong>eculeo</strong></span> 
     </span>
     <span class='ocr_line' id='line_1_27' title="bbox 233 2294 2251 2381; baseline 0 -23"><span class='ocrx_word' id='word_1_169' title='bbox 233 2298 299 2358; x_wconf 92' lang='lat' dir='ltr'><strong>et</strong></span> <span class='ocrx_word' id='word_1_170' title='bbox 353 2294 757 2359; x_wconf 87' lang='lat' dir='ltr'><strong>ferramentis</strong></span> <span class='ocrx_word' id='word_1_171' title='bbox 813 2297 893 2360; x_wconf 90' lang='lat' dir='ltr'><strong>ad</strong></span> <span class='ocrx_word' id='word_1_172' title='bbox 936 2300 1212 2361; x_wconf 88' lang='lat' dir='ltr'><strong>mortem</strong></span> <span class='ocrx_word' id='word_1_173' title='bbox 1255 2295 1500 2380; x_wconf 89' lang='lat' dir='ltr'><strong>paratis</strong></span> <span class='ocrx_word' id='word_1_174' title='bbox 1544 2295 1772 2381; x_wconf 86' lang='lat' dir='ltr'><strong>utitur,</strong></span> <span class='ocrx_word' id='word_1_175' title='bbox 1829 2295 2066 2379; x_wconf 83' lang='lat' dir='ltr'><strong>quibus</strong></span> <span class='ocrx_word' id='word_1_176' title='bbox 2119 2317 2251 2359; x_wconf 94' lang='lat' dir='ltr'><strong>non</strong></span> 
     </span>
     <span class='ocr_line' id='line_1_28' title="bbox 231 2383 2253 2470; baseline -0 -22"><span class='ocrx_word' id='word_1_177' title='bbox 231 2383 421 2448; x_wconf 89' lang='lat' dir='ltr'><strong>aliter</strong></span> <span class='ocrx_word' id='word_1_178' title='bbox 485 2406 676 2467; x_wconf 89' lang='lat' dir='ltr'><strong>quam</strong></span> <span class='ocrx_word' id='word_1_179' title='bbox 743 2385 962 2450; x_wconf 86' lang='lat' dir='ltr'><strong>bestiis</strong></span> <span class='ocrx_word' id='word_1_180' title='bbox 1025 2385 1320 2450; x_wconf 88' lang='lat' dir='ltr'><strong>homines</strong></span> <span class='ocrx_word' id='word_1_181' title='bbox 1387 2385 1692 2470; x_wconf 86' lang='lat' dir='ltr'><strong>obiectat,</strong></span> <span class='ocrx_word' id='word_1_182' title='bbox 1764 2384 2062 2449; x_wconf 90' lang='lat' dir='ltr'><strong>omnibus</strong></span> <span class='ocrx_word' id='word_1_183' title='bbox 2126 2385 2253 2448; x_wconf 89' lang='lat' dir='ltr'><strong>reis</strong></span> 
     </span>
     <span class='ocr_line' id='line_1_29' title="bbox 231 2473 2251 2558; baseline -0 -21"><span class='ocrx_word' id='word_1_184' title='bbox 231 2473 672 2538; x_wconf 88' lang='lat' dir='ltr'><strong>aerumnosior</strong></span> <span class='ocrx_word' id='word_1_185' title='bbox 736 2495 810 2537; x_wconf 94' lang='lat' dir='ltr'><strong>ac</strong></span> <span class='ocrx_word' id='word_1_186' title='bbox 873 2474 1235 2558; x_wconf 83' lang='lat' dir='ltr'><strong>sollicitior,</strong></span> <span class='ocrx_word' id='word_1_187' title='bbox 1299 2478 1375 2539; x_wconf 87' lang='lat' dir='ltr'><strong>ut</strong></span> <span class='ocrx_word' id='word_1_188' title='bbox 1440 2474 1551 2558; x_wconf 89' lang='lat' dir='ltr'><strong>qui</strong></span> <span class='ocrx_word' id='word_1_189' title='bbox 1613 2473 1907 2537; x_wconf 89' lang='lat' dir='ltr'><strong>homines</strong></span> <span class='ocrx_word' id='word_1_190' title='bbox 1974 2473 2251 2558; x_wconf 87' lang='lat' dir='ltr'><strong>deosque</strong></span> 
     </span>
    </p>
   </div>
   <div class='ocr_carea' id='block_1_13' title="bbox 409 2648 1565 2718">
    <p class='ocr_par' dir='ltr' id='par_1_14' title="bbox 409 2648 1565 2718">
     <span class='ocr_line' id='line_1_30' title="bbox 409 2648 1565 2718; baseline 0.001 -17"><span class='ocrx_word' id='word_1_191' title='bbox 409 2653 440 2700; x_wconf 80' lang='lat'><strong>3</strong></span> <span class='ocrx_word' id='word_1_192' title='bbox 479 2648 682 2703; x_wconf 77' lang='lat' dir='ltr'><strong>Accius</strong></span> <span class='ocrx_word' id='word_1_193' title='bbox 715 2649 778 2702; x_wconf 65' lang='lat' dir='ltr'><strong>im</strong></span> <span class='ocrx_word' id='word_1_194' title='bbox 815 2649 981 2704; x_wconf 80' lang='lat' dir='ltr'><strong>Atreo</strong></span> <span class='ocrx_word' id='word_1_195' title='bbox 1017 2650 1178 2717; x_wconf 80' lang='lat' dir='ltr'><strong>fr.V</strong></span> <span class='ocrx_word' id='word_1_196' title='bbox 1204 2652 1364 2718; x_wconf 83' lang='lat'><em>(203)</em></span> <span class='ocrx_word' id='word_1_197' title='bbox 1405 2648 1565 2703; x_wconf 77' lang='lat' dir='ltr'><strong>Ribb.</strong></span> 
     </span>
    </p>
   </div>
   <div class='ocr_carea' id='block_1_14' title="bbox 226 2789 2253 3644">
    <p class='ocr_par' dir='ltr' id='par_1_15' title="bbox 226 2789 2253 3644">
     <span class='ocr_line' id='line_1_31' title="bbox 407 2789 2253 2871; baseline 0.001 -31"><span class='ocrx_word' id='word_1_198' title='bbox 407 2794 435 2840; x_wconf 89' lang='lat'>1</span> <span class='ocrx_word' id='word_1_199' title='bbox 473 2806 632 2844; x_wconf 88' lang='lat' dir='ltr'><strong>uerso</strong></span> <span class='ocrx_word' id='word_1_200' title='bbox 668 2797 773 2843; x_wconf 74' lang='lat' dir='ltr'><strong>NB.</strong></span> <span class='ocrx_word' id='word_1_201' title='bbox 798 2793 816 2860; x_wconf 89' lang='grc' dir='ltr'><strong>ΙΙ</strong></span> <span class='ocrx_word' id='word_1_202' title='bbox 844 2797 879 2844; x_wconf 77' lang='lat'>2</span> <span class='ocrx_word' id='word_1_203' title='bbox 916 2790 1074 2844; x_wconf 81' lang='lat' dir='ltr'><strong>dedit</strong></span> <span class='ocrx_word' id='word_1_204' title='bbox 1107 2807 1289 2871; x_wconf 90' lang='lat' dir='ltr'><strong>praec.</strong></span> <span class='ocrx_word' id='word_1_205' title='bbox 1329 2796 1525 2843; x_wconf 75' lang='lat' dir='ltr'><strong>Aru·</strong></span> <span class='ocrx_word' id='word_1_206' title='bbox 1557 2791 1566 2858; x_wconf 98' lang='grc' dir='ltr'>Ι</span> <span class='ocrx_word' id='word_1_207' title='bbox 1598 2789 1778 2842; x_wconf 89' lang='lat' dir='ltr'><strong>uritur</strong></span> <span class='ocrx_word' id='word_1_208' title='bbox 1812 2795 1855 2842; x_wconf 76' lang='lat' dir='ltr'>F</span> <span class='ocrx_word' id='word_1_209' title='bbox 1880 2792 1899 2858; x_wconf 89' lang='grc' dir='ltr'><strong>ΙΙ</strong></span> <span class='ocrx_word' id='word_1_210' title='bbox 1928 2795 1959 2842; x_wconf 81' lang='grc'><strong>3</strong></span> <span class='ocrx_word' id='word_1_211' title='bbox 1998 2791 2134 2845; x_wconf 72' lang='lat' dir='ltr'><strong>odef-</strong></span> <span class='ocrx_word' id='word_1_212' title='bbox 2161 2794 2207 2842; x_wconf 77' lang='lat' dir='ltr'>A</span> <span class='ocrx_word' id='word_1_213' title='bbox 2232 2789 2253 2862; x_wconf 89' lang='grc' dir='ltr'><strong>ΙΙ</strong></span> 
     </span>
     <span class='ocr_line' id='line_1_32' title="bbox 229 2859 2250 2934; baseline 0.001 -22"><span class='ocrx_word' id='word_1_214' title='bbox 229 2865 264 2912; x_wconf 82' lang='lat'>4</span> <span class='ocrx_word' id='word_1_215' title='bbox 302 2859 487 2928; x_wconf 88' lang='lat' dir='ltr'><strong>rapies</strong></span> <span class='ocrx_word' id='word_1_216' title='bbox 522 2867 625 2913; x_wconf 74' lang='lat' dir='ltr'><strong>NB</strong></span> <span class='ocrx_word' id='word_1_217' title='bbox 652 2864 670 2931; x_wconf 90' lang='grc' dir='ltr'><strong>ΙΙ</strong></span> <span class='ocrx_word' id='word_1_218' title='bbox 699 2867 729 2914; x_wconf 79' lang='grc'><strong>5</strong></span> <span class='ocrx_word' id='word_1_219' title='bbox 769 2861 1047 2916; x_wconf 89' lang='lat' dir='ltr'><strong>creuerint</strong></span> <span class='ocrx_word' id='word_1_220' title='bbox 1072 2868 1112 2915; x_wconf 79' lang='lat'><strong>1.</strong></span> <span class='ocrx_word' id='word_1_221' title='bbox 1144 2864 1152 2934; x_wconf 92' lang='grc' dir='ltr'>Ι</span> <span class='ocrx_word' id='word_1_222' title='bbox 1185 2861 1403 2915; x_wconf 81' lang='lat' dir='ltr'><strong>animus</strong></span> <span class='ocrx_word' id='word_1_223' title='bbox 1431 2867 1477 2912; x_wconf 81' lang='lat' dir='ltr'>B</span> <span class='ocrx_word' id='word_1_224' title='bbox 1504 2864 1523 2931; x_wconf 92' lang='grc' dir='ltr'><strong>ΙΙ</strong></span> <span class='ocrx_word' id='word_1_225' title='bbox 1550 2867 1581 2914; x_wconf 84' lang='grc'><strong>’1</strong></span> <span class='ocrx_word' id='word_1_226' title='bbox 1619 2859 1853 2914; x_wconf 91' lang='lat' dir='ltr'><strong>iacentis</strong></span> <span class='ocrx_word' id='word_1_227' title='bbox 1881 2867 1929 2913; x_wconf 74' lang='lat' dir='ltr'>N</span> <span class='ocrx_word' id='word_1_228' title='bbox 1964 2864 2250 2930; x_wconf 84' lang='lat' dir='ltr'><strong>gementes</strong></span> 
     </span>
     <span class='ocr_line' id='line_1_33' title="bbox 229 2930 2203 3003; baseline 0.002 -20"><span class='ocrx_word' id='word_1_229' title='bbox 229 2937 270 2983; x_wconf 77' lang='grc' dir='ltr'><strong>Ρ</strong></span> <span class='ocrx_word' id='word_1_230' title='bbox 304 2933 311 2999; x_wconf 95' lang='grc' dir='ltr'>Ι</span> <span class='ocrx_word' id='word_1_231' title='bbox 345 2931 530 2985; x_wconf 85' lang='lat' dir='ltr'><strong>excita</strong></span> <span class='ocrx_word' id='word_1_232' title='bbox 555 2937 657 2984; x_wconf 72' lang='lat' dir='ltr'><strong>lm</strong></span> <span class='ocrx_word' id='word_1_233' title='bbox 684 2934 702 3002; x_wconf 92' lang='grc' dir='ltr'><strong>ΙΙ</strong></span> <span class='ocrx_word' id='word_1_234' title='bbox 731 2939 762 2985; x_wconf 82' lang='grc'><strong>8</strong></span> <span class='ocrx_word' id='word_1_235' title='bbox 799 2932 980 2987; x_wconf 85' lang='grc'>1611166</span> <span class='ocrx_word' id='word_1_236' title='bbox 1016 2932 1135 3001; x_wconf 93' lang='lat' dir='ltr'><strong>(lin.</strong></span> <span class='ocrx_word' id='word_1_237' title='bbox 1164 2936 1224 3002; x_wconf 85' lang='lat'><strong>1.)</strong></span> <span class='ocrx_word' id='word_1_238' title='bbox 1251 2938 1346 2986; x_wconf 78' lang='lat' dir='ltr'><strong>AI.</strong></span> <span class='ocrx_word' id='word_1_239' title='bbox 1382 2930 1561 2986; x_wconf 90' lang='lat' dir='ltr'><strong>lineas</strong></span> <span class='ocrx_word' id='word_1_240' title='bbox 1598 2933 1645 3000; x_wconf 90' lang='lat' dir='ltr'><strong>(s</strong></span> <span class='ocrx_word' id='word_1_241' title='bbox 1683 2932 1783 2985; x_wconf 82' lang='lat' dir='ltr'><strong>del.</strong></span> <span class='ocrx_word' id='word_1_242' title='bbox 1810 2950 1881 2986; x_wconf 82' lang='lat' dir='ltr'><strong>m.</strong></span> <span class='ocrx_word' id='word_1_243' title='bbox 1911 2937 1943 2986; x_wconf 90' lang='lat'><strong><em>1</em></strong></span> <span class='ocrx_word' id='word_1_244' title='bbox 1981 2934 2045 2986; x_wconf 76' lang='lat' dir='ltr'><strong>i‘n</strong></span> <span class='ocrx_word' id='word_1_245' title='bbox 2069 2936 2203 3003; x_wconf 61' lang='lat'><strong>100</strong></span> 
     </span>
     <span class='ocr_line' id='line_1_34' title="bbox 227 3001 2197 3083; baseline 0.001 -29"><span class='ocrx_word' id='word_1_246' title='bbox 227 3001 405 3083; x_wconf 88' lang='lat' dir='ltr'><strong>pinna</strong></span> <span class='ocrx_word' id='word_1_247' title='bbox 455 3002 698 3057; x_wconf 85' lang='lat' dir='ltr'><strong>seclusas</strong></span> <span class='ocrx_word' id='word_1_248' title='bbox 750 3004 899 3074; x_wconf 89' lang='lat' dir='ltr'><strong>(recl.</strong></span> <span class='ocrx_word' id='word_1_249' title='bbox 937 3007 998 3074; x_wconf 79' lang='lat'><strong>1.)</strong></span> <span class='ocrx_word' id='word_1_250' title='bbox 1035 3009 1130 3056; x_wconf 77' lang='lat' dir='ltr'><strong>AI.</strong></span> <span class='ocrx_word' id='word_1_251' title='bbox 1181 3010 1232 3059; x_wconf 84' lang='lat' dir='ltr'><strong>et</strong></span> <span class='ocrx_word' id='word_1_252' title='bbox 1279 3020 1347 3058; x_wconf 76' lang='lat' dir='ltr'><strong>ex</strong></span> <span class='ocrx_word' id='word_1_253' title='bbox 1394 3002 1596 3072; x_wconf 83' lang='lat' dir='ltr'><strong>pinnas</strong></span> <span class='ocrx_word' id='word_1_254' title='bbox 1648 3002 1747 3056; x_wconf 92' lang='lat' dir='ltr'><strong>ecl.</strong></span> <span class='ocrx_word' id='word_1_255' title='bbox 1794 3021 1861 3057; x_wconf 85' lang='lat' dir='ltr'><strong>m.</strong></span> <span class='ocrx_word' id='word_1_256' title='bbox 1909 3021 2011 3058; x_wconf 81' lang='lat' dir='ltr'><strong>rec.</strong></span> <span class='ocrx_word' id='word_1_257' title='bbox 2058 3005 2122 3058; x_wconf 75' lang='lat' dir='ltr'><strong>in</strong></span> <span class='ocrx_word' id='word_1_258' title='bbox 2157 3009 2197 3056; x_wconf 76' lang='grc' dir='ltr'>Ρ</span> 
     </span>
     <span class='ocr_line' id='line_1_35' title="bbox 230 3072 2251 3145; baseline 0.001 -18"><span class='ocrx_word' id='word_1_259' title='bbox 230 3072 520 3127; x_wconf 88' lang='lat' dir='ltr'><strong>contineas</strong></span> <span class='ocrx_word' id='word_1_260' title='bbox 559 3075 749 3129; x_wconf 88' lang='lat' dir='ltr'><strong>demat</strong></span> <span class='ocrx_word' id='word_1_261' title='bbox 785 3075 1010 3145; x_wconf 87' lang='lat' dir='ltr'><strong>(Demas</strong></span> <span class='ocrx_word' id='word_1_262' title='bbox 1043 3080 1139 3128; x_wconf 76' lang='lat' dir='ltr'><strong>Ar</strong></span> <span class='ocrx_word' id='word_1_263' title='bbox 1177 3075 1224 3128; x_wconf 85' lang='lat' dir='ltr'><strong>si</strong></span> <span class='ocrx_word' id='word_1_264' title='bbox 1261 3079 1323 3145; x_wconf 79' lang='lat'><strong>1.)</strong></span> <span class='ocrx_word' id='word_1_265' title='bbox 1361 3090 1492 3144; x_wconf 87' lang='lat' dir='ltr'><strong>crgo</strong></span> <span class='ocrx_word' id='word_1_266' title='bbox 1532 3078 1569 3127; x_wconf 91' lang='grc'><strong>0</strong></span> <span class='ocrx_word' id='word_1_267' title='bbox 1608 3090 1743 3129; x_wconf 84' lang='lat' dir='ltr'><strong>corr.</strong></span> <span class='ocrx_word' id='word_1_268' title='bbox 1784 3091 1817 3133; x_wconf 88' lang='grc' dir='ltr'><strong><em>ς</em></strong></span> <span class='ocrx_word' id='word_1_269' title='bbox 1854 3075 1971 3144; x_wconf 79' lang='lat' dir='ltr'><strong>(qui</strong></span> <span class='ocrx_word' id='word_1_270' title='bbox 2007 3074 2251 3144; x_wconf 90' lang='lat' dir='ltr'><strong>contine)</strong></span> 
     </span>
     <span class='ocr_line' id='line_1_36' title="bbox 229 3144 2251 3216; baseline 0 -16"><span class='ocrx_word' id='word_1_271' title='bbox 229 3150 282 3200; x_wconf 84' lang='lat' dir='ltr'><strong>et</strong></span> <span class='ocrx_word' id='word_1_272' title='bbox 321 3144 483 3200; x_wconf 78' lang='lat' dir='ltr'><strong>Gertz</strong></span> <span class='ocrx_word' id='word_1_273' title='bbox 521 3144 568 3198; x_wconf 82' lang='lat' dir='ltr'><strong>si</strong></span> <span class='ocrx_word' id='word_1_274' title='bbox 597 3177 667 3186; x_wconf 91' lang='lat'><strong>—-</strong></span> <span class='ocrx_word' id='word_1_275' title='bbox 695 3146 981 3201; x_wconf 86' lang='lat' dir='ltr'><strong>contineas</strong></span> <span class='ocrx_word' id='word_1_276' title='bbox 1022 3155 1055 3200; x_wconf 84' lang='grc' dir='ltr'><strong>ς</strong></span> <span class='ocrx_word' id='word_1_277' title='bbox 1085 3149 1104 3216; x_wconf 91' lang='grc' dir='ltr'><strong>ΙΙ</strong></span> <span class='ocrx_word' id='word_1_278' title='bbox 1131 3151 1164 3199; x_wconf 82' lang='grc'>9</span> <span class='ocrx_word' id='word_1_279' title='bbox 1201 3145 1445 3200; x_wconf 87' lang='lat' dir='ltr'><strong>incessat</strong></span> <span class='ocrx_word' id='word_1_280' title='bbox 1472 3150 1519 3197; x_wconf 71' lang='grc' dir='ltr'>Π</span> <span class='ocrx_word' id='word_1_281' title='bbox 1555 3144 1785 3200; x_wconf 84' lang='lat' dir='ltr'><strong>incessit</strong></span> <span class='ocrx_word' id='word_1_282' title='bbox 1822 3151 1859 3198; x_wconf 91' lang='grc'><strong>0</strong></span> <span class='ocrx_word' id='word_1_283' title='bbox 1892 3147 1899 3216; x_wconf 96' lang='grc' dir='ltr'>Ι</span> <span class='ocrx_word' id='word_1_284' title='bbox 1932 3147 2251 3216; x_wconf 86' lang='lat' dir='ltr'><strong>temptabat</strong></span> 
     </span>
     <span class='ocr_line' id='line_1_37' title="bbox 228 3215 2250 3286; baseline 0.001 -18"><span class='ocrx_word' id='word_1_285' title='bbox 228 3220 275 3268; x_wconf 82' lang='grc' dir='ltr'><strong>Δ</strong></span> <span class='ocrx_word' id='word_1_286' title='bbox 307 3216 316 3284; x_wconf 95' lang='grc' dir='ltr'>Ι</span> <span class='ocrx_word' id='word_1_287' title='bbox 355 3215 582 3286; x_wconf 87' lang='lat' dir='ltr'><strong>fugerat</strong></span> <span class='ocrx_word' id='word_1_288' title='bbox 616 3218 1086 3286; x_wconf 86' lang='lat' dir='ltr'><strong>proculcabatque</strong></span> <span class='ocrx_word' id='word_1_289' title='bbox 1123 3223 1168 3269; x_wconf 78' lang='lat' dir='ltr'>A</span> <span class='ocrx_word' id='word_1_290' title='bbox 1213 3220 1230 3286; x_wconf 90' lang='grc' dir='ltr'><strong>ΙΙ</strong></span> <span class='ocrx_word' id='word_1_291' title='bbox 1275 3222 1339 3270; x_wconf 81' lang='lat'><strong>14</strong></span> <span class='ocrx_word' id='word_1_292' title='bbox 1376 3220 1440 3271; x_wconf 92' lang='lat' dir='ltr'><strong>ut</strong></span> <span class='ocrx_word' id='word_1_293' title='bbox 1476 3216 1603 3271; x_wconf 79' lang='lat' dir='ltr'><strong>add.</strong></span> <span class='ocrx_word' id='word_1_294' title='bbox 1645 3217 1835 3272; x_wconf 82' lang='lat' dir='ltr'><strong>Haase</strong></span> <span class='ocrx_word' id='word_1_295' title='bbox 1878 3219 1897 3286; x_wconf 89' lang='grc' dir='ltr'><strong>ΙΙ</strong></span> <span class='ocrx_word' id='word_1_296' title='bbox 1941 3221 2002 3270; x_wconf 79' lang='grc'><strong>15</strong></span> <span class='ocrx_word' id='word_1_297' title='bbox 2040 3217 2250 3286; x_wconf 89' lang='lat' dir='ltr'><strong>placito</strong></span> 
     </span>
     <span class='ocr_line' id='line_1_38' title="bbox 226 3287 2249 3361; baseline 0.001 -22"><span class='ocrx_word' id='word_1_298' title='bbox 226 3291 332 3339; x_wconf 69' lang='lat' dir='ltr'><strong>RB</strong></span> <span class='ocrx_word' id='word_1_299' title='bbox 357 3290 378 3358; x_wconf 91' lang='grc' dir='ltr'><strong>ΙΙ</strong></span> <span class='ocrx_word' id='word_1_300' title='bbox 404 3292 466 3340; x_wconf 80' lang='grc'><strong>16</strong></span> <span class='ocrx_word' id='word_1_301' title='bbox 503 3290 567 3341; x_wconf 91' lang='lat' dir='ltr'><strong>ut</strong></span> <span class='ocrx_word' id='word_1_302' title='bbox 603 3293 706 3341; x_wconf 73' lang='lat' dir='ltr'><strong>RB.</strong></span> <span class='ocrx_word' id='word_1_303' title='bbox 742 3306 842 3344; x_wconf 87' lang='lat' dir='ltr'><strong>om.</strong></span> <span class='ocrx_word' id='word_1_304' title='bbox 884 3295 921 3342; x_wconf 91' lang='grc'><strong>0</strong></span> <span class='ocrx_word' id='word_1_305' title='bbox 961 3294 981 3361; x_wconf 88' lang='grc' dir='ltr'><strong>ΙΙ</strong></span> <span class='ocrx_word' id='word_1_306' title='bbox 1022 3294 1082 3342; x_wconf 77' lang='lat'><strong>1⁷</strong></span> <span class='ocrx_word' id='word_1_307' title='bbox 1121 3288 1274 3343; x_wconf 90' lang='lat' dir='ltr'><strong>enim</strong></span> <span class='ocrx_word' id='word_1_308' title='bbox 1299 3321 1369 3328; x_wconf 97' lang='lat'><strong>—</strong></span> <span class='ocrx_word' id='word_1_309' title='bbox 1400 3291 1461 3343; x_wconf 92' lang='lat' dir='ltr'><strong>at</strong></span> <span class='ocrx_word' id='word_1_310' title='bbox 1494 3287 1656 3341; x_wconf 90' lang='lat' dir='ltr'><strong>illum</strong></span> <span class='ocrx_word' id='word_1_311' title='bbox 1693 3305 1793 3342; x_wconf 87' lang='lat' dir='ltr'><strong>om.</strong></span> <span class='ocrx_word' id='word_1_312' title='bbox 1832 3289 1917 3358; x_wconf 79' lang='grc' dir='ltr'><strong>ΔΙ</strong></span> <span class='ocrx_word' id='word_1_313' title='bbox 1951 3289 2249 3343; x_wconf 90' lang='lat' dir='ltr'><strong>securitate</strong></span> 
     </span>
     <span class='ocr_line' id='line_1_39' title="bbox 229 3359 2205 3485; baseline 0.001 -75"><span class='ocrx_word' id='word_1_314' title='bbox 229 3363 270 3410; x_wconf 81' lang='lat'><strong>1.</strong></span> <span class='ocrx_word' id='word_1_315' title='bbox 303 3359 310 3430; x_wconf 90' lang='grc' dir='ltr'>Ι</span> <span class='ocrx_word' id='word_1_316' title='bbox 343 3373 404 3413; x_wconf 83' lang='grc'><strong>66</strong></span> <span class='ocrx_word' id='word_1_317' title='bbox 431 3363 532 3411; x_wconf 70' lang='grc' dir='ltr'><strong>ΠΒ</strong></span> <span class='ocrx_word' id='word_1_318' title='bbox 560 3376 658 3414; x_wconf 82' lang='lat' dir='ltr'><strong>om.</strong></span> <span class='ocrx_word' id='word_1_319' title='bbox 690 3366 728 3413; x_wconf 88' lang='grc'><strong>0</strong></span> <span class='ocrx_word' id='word_1_320' title='bbox 761 3362 768 3430; x_wconf 95' lang='grc' dir='ltr'>Ι</span> <span class='ocrx_word' id='word_1_321' title='bbox 799 3359 989 3415; x_wconf 88' lang='lat' dir='ltr'><strong>uidem</strong></span> <span class='ocrx_word' id='word_1_322' title='bbox 1015 3364 1120 3413; x_wconf 70' lang='lat' dir='ltr'><strong>lm</strong></span> <span class='ocrx_word' id='word_1_323' title='bbox 1155 3359 1382 3414; x_wconf 86' lang='lat' dir='ltr'><strong>uidetur</strong></span> <span class='ocrx_word' id='word_1_324' title='bbox 1411 3365 1448 3414; x_wconf 93' lang='grc'><strong>0</strong></span> <span class='ocrx_word' id='word_1_325' title='bbox 1476 3377 1609 3414; x_wconf 68' lang='lat' dir='ltr'><strong>corr.</strong></span> <span class='ocrx_word' id='word_1_326' title='bbox 1643 3359 1881 3485; x_wconf 45' lang='lat' dir='ltr'><strong>Haase&amp;</strong></span> <span class='ocrx_word' id='word_1_327' title='bbox 1868 3362 1965 3428; x_wconf 82' lang='grc'><strong>118</strong></span> <span class='ocrx_word' id='word_1_328' title='bbox 2004 3359 2078 3414; x_wconf 85' lang='grc'><strong>6(1</strong></span> <span class='ocrx_word' id='word_1_329' title='bbox 2103 3362 2205 3411; x_wconf 70' lang='lat' dir='ltr'><strong>RB</strong></span> 
     </span>
     <span class='ocr_line' id='line_1_40' title="bbox 228 3361 2204 3512; baseline 0 -31"><span class='ocrx_word' id='word_1_330' title='bbox 228 3434 292 3482; x_wconf 80' lang='lat'><strong>19</strong></span> <span class='ocrx_word' id='word_1_331' title='bbox 328 3429 428 3484; x_wconf 86' lang='lat' dir='ltr'><strong>illo</strong></span> <span class='ocrx_word' id='word_1_332' title='bbox 465 3436 554 3483; x_wconf 77' lang='lat' dir='ltr'><strong>m·</strong></span> <span class='ocrx_word' id='word_1_333' title='bbox 585 3431 594 3501; x_wconf 91' lang='grc' dir='ltr'>Ι</span> <span class='ocrx_word' id='word_1_334' title='bbox 627 3432 827 3486; x_wconf 87' lang='lat' dir='ltr'><strong>acerbo</strong></span> <span class='ocrx_word' id='word_1_335' title='bbox 865 3434 922 3486; x_wconf 89' lang='lat' dir='ltr'><strong>et</strong></span> <span class='ocrx_word' id='word_1_336' title='bbox 959 3429 1321 3512; x_wconf 85' lang='lat' dir='ltr'><strong>sanguinario</strong></span> <span class='ocrx_word' id='word_1_337' title='bbox 1357 3433 1599 3511; x_wconf 60' lang='grc' dir='ltr'>ΔῈΣΡΙΙ</span> <span class='ocrx_word' id='word_1_338' title='bbox 1590 3433 1688 3500; x_wconf 76' lang='grc'><strong>121</strong></span> <span class='ocrx_word' id='word_1_339' title='bbox 1724 3434 1789 3484; x_wconf 91' lang='lat' dir='ltr'><strong>ut</strong></span> <span class='ocrx_word' id='word_1_340' title='bbox 1829 3361 1991 3486; x_wconf 43' lang='grc' dir='ltr'><strong>ἐπα</strong></span> <span class='ocrx_word' id='word_1_341' title='bbox 2028 3432 2085 3485; x_wconf 87' lang='lat' dir='ltr'><strong>et</strong></span> <span class='ocrx_word' id='word_1_342' title='bbox 2122 3434 2204 3483; x_wconf 77' lang='lat' dir='ltr'><strong>os</strong></span> 
     </span>
     <span class='ocr_line' id='line_1_41' title="bbox 229 3500 2250 3571; baseline -0 -18"><span class='ocrx_word' id='word_1_343' title='bbox 229 3505 299 3553; x_wconf 75' lang='lat'><strong>23</strong></span> <span class='ocrx_word' id='word_1_344' title='bbox 339 3500 587 3556; x_wconf 85' lang='lat' dir='ltr'><strong>obiectat</strong></span> <span class='ocrx_word' id='word_1_345' title='bbox 621 3508 710 3556; x_wconf 77' lang='grc' dir='ltr'><strong>ΑΒ</strong></span> <span class='ocrx_word' id='word_1_346' title='bbox 763 3502 1010 3556; x_wconf 88' lang='lat' dir='ltr'><strong>abiectat</strong></span> <span class='ocrx_word' id='word_1_347' title='bbox 1045 3509 1087 3555; x_wconf 73' lang='lat' dir='ltr'>F</span> <span class='ocrx_word' id='word_1_348' title='bbox 1138 3501 1425 3556; x_wconf 89' lang='lat' dir='ltr'><strong>obiectant</strong></span> <span class='ocrx_word' id='word_1_349' title='bbox 1462 3500 1593 3571; x_wconf 91' lang='lat' dir='ltr'><strong>(abi.</strong></span> <span class='ocrx_word' id='word_1_350' title='bbox 1633 3504 1693 3569; x_wconf 83' lang='lat'><strong>1.)</strong></span> <span class='ocrx_word' id='word_1_351' title='bbox 1731 3507 1768 3554; x_wconf 97' lang='grc'><strong>0</strong></span> <span class='ocrx_word' id='word_1_352' title='bbox 1820 3503 1827 3571; x_wconf 92' lang='grc' dir='ltr'>Ι</span> <span class='ocrx_word' id='word_1_353' title='bbox 1878 3518 2023 3555; x_wconf 88' lang='lat' dir='ltr'><strong>omn.</strong></span> <span class='ocrx_word' id='word_1_354' title='bbox 2066 3516 2250 3554; x_wconf 90' lang='lat' dir='ltr'><strong>rerum</strong></span> 
     </span>
     <span class='ocr_line' id='line_1_42' title="bbox 227 3569 2250 3644; baseline -0.001 -19"><span class='ocrx_word' id='word_1_355' title='bbox 227 3571 416 3641; x_wconf 88' lang='lat' dir='ltr'><strong>(rebus</strong></span> <span class='ocrx_word' id='word_1_356' title='bbox 452 3576 668 3644; x_wconf 73' lang='lat' dir='ltr'><strong>Aur)</strong></span> <span class='ocrx_word' id='word_1_357' title='bbox 703 3573 902 3628; x_wconf 81' lang='lat' dir='ltr'><strong>noxior</strong></span> <span class='ocrx_word' id='word_1_358' title='bbox 939 3579 976 3626; x_wconf 97' lang='grc'><strong>0</strong></span> <span class='ocrx_word' id='word_1_359' title='bbox 1013 3590 1148 3629; x_wconf 81' lang='lat' dir='ltr'><strong>corr.</strong></span> <span class='ocrx_word' id='word_1_360' title='bbox 1180 3574 1337 3629; x_wconf 82' lang='lat' dir='ltr'><strong>Koch</strong></span> <span class='ocrx_word' id='word_1_361' title='bbox 1379 3577 1397 3644; x_wconf 86' lang='grc' dir='ltr'><strong>ΙΙ</strong></span> <span class='ocrx_word' id='word_1_362' title='bbox 1442 3579 1512 3626; x_wconf 72' lang='lat'><strong>24</strong></span> <span class='ocrx_word' id='word_1_363' title='bbox 1548 3571 1774 3627; x_wconf 82' lang='lat' dir='ltr'><strong>homine</strong></span> <span class='ocrx_word' id='word_1_364' title='bbox 1810 3575 1863 3641; x_wconf 92' lang='grc'><strong>(6</strong></span> <span class='ocrx_word' id='word_1_365' title='bbox 1899 3588 1965 3626; x_wconf 78' lang='lat' dir='ltr'><strong>ex</strong></span> <span class='ocrx_word' id='word_1_366' title='bbox 1999 3569 2022 3622; x_wconf 93' lang='grc'><strong>1</strong></span> <span class='ocrx_word' id='word_1_367' title='bbox 2052 3571 2117 3639; x_wconf 81' lang='lat' dir='ltr'><strong>B)</strong></span> <span class='ocrx_word' id='word_1_368' title='bbox 2145 3574 2250 3621; x_wconf 74' lang='lat' dir='ltr'><strong>NB</strong></span> 
     </span>
    </p>
   </div>
  </div>
 </body>
</html>
