2610 3920
352 194 405 248 X
1162 194 1574 249 PRAEFATIO

351 346 585 420 yladios
649 344 798 418 236,
835 345 918 402 23
973 346 1173 419 αοῑερᾱ
1238 346 1387 417 246,
1426 347 1461 403 7
1511 346 1887 404 casticandoa
1950 343 2099 417 251,
2136 346 2173 402 9
2230 362 2381 417 quus

360 433 507 509 254,
539 433 576 492 3
623 434 855 506 iqnotus
901 432 1048 507 258,
1081 435 1161 492 19
1207 433 1472 505 formola.

533 520 709 580 Talia
751 520 968 579 menda
1010 539 1149 581 raro
1193 538 1406 581 manus
1442 522 1656 597 prima,
1700 520 1823 579 fere
1860 540 2090 597 semper
2124 512 2216 581 ΝΞ
2252 539 2377 579 cor·

352 610 524 669 rexit.
599 608 772 679 Quod
817 609 1072 669 scribam
1114 612 1437 687 utcumque
1482 610 1725 669 doctum
1766 610 1943 671 facile
1988 628 2095 669 suo
2134 609 2377 687 ingenio

355 698 550 759 facere
611 697 878 774 potuisse
936 698 1133 773 quivis
1197 698 1572 759 assentietur.
1670 698 1959 758 Attamen
2011 700 2159 759 haec
2210 719 2289 757 m.
2336 700 2373 757 2

354 787 540 846 etiam
573 804 762 846 novas
797 787 1046 847 intrusit
1077 787 1383 865 lectiones,
1429 806 1579 863 quas
1616 806 1687 846 ex
1724 787 1931 846 eodem
1974 786 2139 847 fonte
2178 787 2376 847 oriun-

353 876 461 935 das
507 894 634 936 esse
677 894 800 935 non
842 876 990 935 item
1035 876 1321 936 concedas
1335 920 1351 951 ,
1397 894 1532 937 cum
1580 878 1688 935 aut
1729 875 1913 935 verba
1958 876 2175 935 omissa
2218 878 2377 936 recte

353 966 762 1041 suppleantur,
797 967 868 1023 ut
908 966 1096 1040 27,8,
1137 966 1377 1041 28,11,
1427 966 1713 1043 103,-16,
1762 965 1909 1037 108,
1940 966 2049 1042 17,
2100 964 2377 1039 113,28,

357 1055 502 1129 130,
530 1055 601 1129 4,
634 1057 699 1131 7,
730 1055 843 1131 24,
902 1055 1047 1127 133,
1076 1054 1189 1129 22,
1248 1054 1396 1128 145,
1428 1056 1535 1129 14,
1594 1054 1741 1129 148,
1767 1050 1851 1112 ’16
1903 1052 2009 1127 al.,
2054 1055 2164 1112 aut
2200 1052 2377 1111 nimis

352 1160 608 1220 magnac
674 1143 796 1201 sint
858 1142 1249 1218 mutationeS,
1322 1144 1395 1201 ut
1460 1144 1561 1217 18,
1610 1143 1720 1215 15,
1787 1142 1933 1217 116,
1981 1142 2048 1217 5,
2112 1143 2259 1217 176,
2308 1144 2374 1215 9;

353 1232 501 1306 228,
533 1232 617 1290 10
662 1231 766 1307 aL,
821 1233 930 1290 aut
973 1248 1148 1290 sensu
1190 1230 1371 1306 plane
1426 1249 1627 1291 cassae
1684 1233 1746 1291 et
1788 1231 2013 1306 inanes,
2056 1232 2129 1290 ut
2174 1232 2233 1306 4,
2266 1232 2377 1305 17,

352 1321 452 1397 13,
485 1320 594 1395 16,
642 1320 744 1395 35,
774 1320 841 1394 3,
888 1320 992 1394 43,
1024 1323 1131 1395 19,
1179 1320 1281 1395 51,
1314 1322 1424 1395 17,
1464 1321 1566 1395 76,
1586 1321 1697 1396 28,
1736 1322 1883 1395 114,
1913 1322 2025 1399 14,
2072 1321 2218 1395 116,
2248 1319 2360 1393 25,

353 1409 500 1484 161,
532 1410 652 1483 29,
713 1410 861 1483 170,
892 1409 1002 1483 25,
1058 1410 1207 1483 201,
1237 1410 1350 1485 27,
1407 1410 1555 1485 205,
1586 1411 1696 1485 24,
1744 1410 1989 1485 208,4,
2044 1411 2154 1468 aut
2206 1408 2377 1467 nulla

353 1497 594 1557 omnino
660 1496 957 1557 exstiterit
1016 1497 1379 1555 immutandi
1442 1516 1644 1573 causa,
1707 1501 1779 1556 ut
1841 1500 1946 1571 41,
1984 1500 2097 1573 21,
2162 1500 2268 1571 49,
2309 1500 2376 1572 7,

353 1587 458 1662 58,
490 1586 602 1664 15,
651 1586 754 1660 60,
784 1587 898 1660 24,
946 1587 1048 1660 63,
1070 1588 1181 1659 20,
1231 1588 1422 1661 7.1,1,
1472 1588 1661 1663 72,2,
1711 1587 1943 1661 100,2,
1993 1587 2138 1662 147,
2171 1588 2251 1645 12
2299 1586 2376 1644 al.

351 1674 616 1745 Quarum
661 1674 739 1733 ad
785 1673 1210 1733 enucleandam
1256 1674 1549 1751 originem
1595 1676 1821 1733 ceteros
1866 1691 2231 1734 arcessamus
2275 1694 2375 1733 ne-

350 1782 510 1823 cesse
558 1766 650 1821 est
693 1764 893 1822 testea

526 1851 934 1911 Nazarianum
988 1871 1108 1910 non
1163 1852 1341 1910 modo
1390 1851 1682 1928 optimum
1726 1852 1830 1911 sed
1873 1851 2115 1911 unicum
2160 1852 2377 1911 criseos

351 1940 809 2000 fundamentum
864 1958 988 2000 esse
1040 1938 1217 2001 Gertz
1269 1940 1570 2017 professus
1622 1940 1687 2000 in
1742 1942 1965 2000 edendo
2020 1938 2374 2017 philosopho

350 2030 466 2090 hoc
519 2030 648 2089 solo
704 2029 903 2089 codice
958 2029 1075 2088 niti
1116 2030 1313 2090 voluit
1363 2031 1651 2109 neglectis
1704 2030 1839 2090 aliis
1852 2077 1867 2108 ,
1912 2048 2059 2106 quos
2106 2024 2202 2088 ‘ex
2242 2030 2374 2105 ipso

350 2118 692 2177 Nazariano
739 2121 846 2179 aut
891 2138 963 2178 ex
1007 2119 1206 2178 codice
1251 2119 1429 2195 plane
1475 2119 1711 2197 gemino
1758 2113 2106 2195 descriptos’
2152 2118 2375 2178 nullius

350 2207 536 2284 pretii
588 2207 860 2284 putabat.
953 2207 1069 2266 Sed
1121 2208 1268 2271 haec
1320 2226 1416 2268 res
1460 2208 1617 2266 male
1664 2207 1718 2266 ei
1764 2207 1957 2267 cessit.
2046 2208 2204 2266 Nam
2246 2207 2374 2282 ipse

351 2315 588 2371 quoque
634 2315 756 2356 non
799 2314 936 2354 raro
981 2296 1143 2355 unici
1189 2296 1282 2356 sui
1327 2296 1469 2355 libri
1513 2316 1625 2373 ope
1663 2296 1985 2356 destitutus
2020 2296 2374 2356 medicinam

354 2404 426 2445 ex
479 2384 834 2444 lectionibus
887 2384 952 2442 in
995 2384 1257 2444 Fickerti
1310 2384 1609 2463 indigesto
1664 2387 1961 2462 apparatu
2012 2385 2374 2446 coacervatis

353 2473 604 2534 ascitam
649 2472 922 2548 arripuit.
1015 2472 1175 2542 Quas
1221 2474 1682 2548 emendationeS‚
1725 2477 1797 2534 ut
1840 2493 1946 2534 suo
1992 2475 2181 2532 staret
2224 2475 2373 2549 loco,

348 2562 720 2622 coniecturas
757 2579 882 2620 esse
920 2561 1184 2621 virorum
1223 2563 1535 2622 doctorum
1571 2563 1703 2622 aevi
1742 2562 1902 2638 quod
1936 2563 2157 2622 dicitur
2190 2563 2371 2622 medii

347 2670 483 2710 cum
528 2650 992 2726 pronuntiasset,
1037 2651 1335 2710 neminem
1369 2651 1604 2711 invenit
1646 2653 1848 2728 partes
1892 2651 2081 2728 ipsius
2126 2670 2371 2727 sequen-

346 2741 486 2798 tem
578 2740 737 2799 Nam
784 2757 1147 2814 quamquam
1191 2758 1313 2799 non
1358 2740 1501 2799 solis
1545 2740 1639 2800 his
1693 2740 2060 2816 temporibus
2103 2740 2371 2800 homines

346 2829 488 2886 sunt
541 2829 887 2903 prudentes,
949 2828 1015 2887 id
1056 2828 1229 2930 ‘quod
1282 2829 1653 2905 proclamare
1708 2832 1915 2889 amant
1966 2829 2370 2904 imprudentes

312 2914 322 2923 '
348 2918 411 2974 et
445 2917 732 2992 temporis
769 2917 890 2976 acti
925 2916 1098 2976 nimii
1142 2919 1599 2994 contemptores,
1642 2919 1846 2977 tamen
1880 2919 2117 2976 tantam
2150 2916 2370 2974 molem

346 3006 819 3064 correcturarum
877 3024 1152 3064 verarum
1214 3008 1348 3065 tum
1409 3009 1709 3083 repertam
1770 3007 1953 3066 fuisse
2014 3007 2086 3063 ut
2148 3004 2370 3080 credat,

349 3093 483 3168 quis
539 3092 652 3152 sibi
708 3092 1128 3169 persuadebit?
1217 3094 1468 3154 Accedit
1512 3096 1782 3154 alterum.
1876 3093 2179 3156 Sexcentis
2221 3093 2369 3152 locis

353 3179 531 3240 Gertz
567 3200 605 3240 a
639 3181 781 3240 libri
817 3181 909 3240 sui
936 3183 1132 3242 verbis
1166 3183 1410 3243 traditis
1445 3184 1696 3244 descivit
1722 3183 2075 3244 coniecturis
2100 3184 2369 3242 veterum

345 3269 641 3329 editorum
685 3270 956 3348 receptiS,
1005 3289 1153 3347 quas
1199 3272 1352 3351 siglo
1397 3291 1486 3348 vy.
1526 3265 1639 3355 (=
1677 3265 1889 3353 vulgo)
1925 3271 2177 3332 notavit.
2252 3269 2369 3330 Sed

345 3361 458 3420 has
495 3378 730 3437 quoque
765 3377 986 3438 magna
1023 3380 1094 3420 ex
1130 3363 1302 3436 parte
1342 3362 1581 3438 quidem
1616 3363 1901 3422 lectiones
1938 3378 2063 3420 esse
2100 3359 2369 3420 codicum

347 3467 702 3528 cognoscere
745 3449 1059 3527 potuisset,
1103 3451 1220 3510 nisi
1264 3451 1324 3510 N
1326 3451 1591 3511 azar-iani
1636 3470 1835 3510 amore
1883 3449 2172 3510 abductus
2217 3449 2370 3509 alios

344 3539 526 3600 nimis
569 3539 1048 3617 contempsisset3
1105 3539 1188 3600 sic
1233 3543 1303 3599 ut
1347 3559 1540 3617 pauca
1586 3541 1854 3616 exempla
1900 3540 2261 3617 depromam,
2304 3539 2370 3597 in
