2610 3920
1037 215 1447 270 PRAEFATIO
2130 217 2257 270 XIX

235 366 610 440 Serpentibas
670 358 815 449 (sic)
876 384 1096 441 quoque
1151 368 1416 426 indicare
1475 369 1685 426 bonum
1741 372 1823 426 est
1866 370 2017 441 quod
2058 387 2259 427 rerum

233 472 499 515 mearam
542 459 728 515 status
762 461 972 529 poscat
1020 457 1164 529 153,
1195 457 1231 514 5
1269 458 1393 514 iam
1435 458 1514 515 ad
1560 457 1744 515 alium
1780 457 2076 515 dominmn
2120 459 2257 516 inde

233 548 374 604 sunt
432 536 824 626 spectancial)
876 546 1087 620 161‚6
1147 546 1248 604 sed
1310 547 1365 603 si
1424 562 1517 605 me
1566 547 1633 603 i‘n
1684 548 1751 603 in
1804 562 1955 605 cons.
2010 547 2252 605 adm...

229 634 504 708 inyratus
549 638 602 691 et
633 636 888 693 iniustus
933 652 1064 693 sum
1098 636 1219 692 nisi
1258 634 1403 711 189,
1428 637 1463 694 7
1502 652 1563 692 se
1596 636 1786 708 mayis
1820 636 2043 693 aer-itas
2079 653 2256 708 quam

232 724 386 781 alios
422 724 476 780 si
511 726 790 797 tanquam
825 726 892 781 in
915 724 1152 797 publico
1189 740 1415 796 semper
1438 725 1593 781 uiuit
1631 727 1661 780 1
1674 724 1777 797 91,
1796 724 1877 781 23
1908 725 2061 783 dices
2094 725 2254 783 mvii.

235 810 528 884 Quomodo
575 829 705 886 erqo
740 816 932 885 potest
979 813 1124 886 193,
1155 813 1234 870 27
1274 813 1553 885 quomodo
1602 813 1856 871 eiusdem
1899 815 1986 871 rei
2020 816 2257 885 uterque

227 901 501 959 domninus
537 904 620 959 est
659 903 800 974 qwia
844 902 992 959 alter
1017 902 1289 960 dominus
1319 905 1402 959 est
1424 904 1513 959 rei
1551 902 1697 975 237,
1721 903 1804 960 20
1820 905 1942 974 pot.
1962 903 2253 974 patriam-

229 1007 340 1062 que
395 993 464 1048 ut
519 1006 651 1047 cwm
707 991 966 1049 membra
1025 1007 1138 1048 sua
1197 990 1515 1049 abscideret
1568 992 1738 1048 etiam
1788 991 1856 1048 in
1908 991 2254 1049 abscidendo

222 1082 488 1152 yemeret.
583 1078 748 1147 Quae
812 1078 875 1137 in
939 1080 1237 1153 apparatu
1301 1078 1507 1137 critico
1571 1078 1813 1136 inutilia
1874 1078 1988 1137 hoc
2050 1081 2253 1137 tamen

227 1168 360 1225 loco
435 1167 712 1226 attulisse
776 1187 895 1225 non
957 1168 1140 1245 piget.
1251 1166 1539 1225 Attamen
1609 1166 1706 1225 hic
1772 1186 2007 1242 quoque
2070 1166 2254 1225 codex

227 1256 316 1314 sic
369 1254 769 1314 multifariam
822 1258 1134 1331 corruptus
1189 1259 1252 1314 et
1302 1256 1701 1331 interpolatus
1757 1256 1993 1332 saepius
2040 1256 2252 1315 sinceri

227 1346 432 1403 textus
490 1344 712 1403 indicia
770 1345 930 1403 solus
987 1345 1263 1419 retinuit,
1323 1364 1463 1404 nam
1520 1344 1670 1403 illud
1714 1347 1954 1404 iuuenes
2004 1338 2253 1423 (6,1o),

225 1432 394 1508 quod
443 1433 723 1493 excidisse
762 1432 942 1492 Gertz
985 1433 1134 1492 bene
1170 1434 1343 1507 vidit,
1387 1434 1511 1491 iam
1554 1433 1652 1492 hic
1698 1435 1917 1510 exstat3
1963 1433 2139 1507 idem,
2183 1436 2253 1493 ut

227 1522 458 1580 leviora
516 1525 909 1597 praeteream,
970 1525 1129 1581 recte
1173 1522 1364 1581 tradit
1427 1524 1483 1598 5,
1515 1525 1552 1582 8
1601 1524 1801 1581 crediti
1845 1526 2147 1581 transeant
2191 1526 2253 1581 et

232 1613 378 1687 174,
411 1612 447 1668 5
487 1612 658 1685 qaid,
707 1613 853 1685 216,
887 1614 962 1671 11
1004 1612 1250 1687 propius
1287 1612 1365 1669 ad
1400 1630 1607 1670 verum
1645 1611 1874 1669 accedit
1910 1610 2035 1669 eius
2074 1616 2251 1684 temp-

228 1704 351 1758 tata
409 1704 710 1776 temptare,
761 1702 906 1775 161,
939 1701 1019 1759 18
1068 1720 1139 1757 ex
1183 1704 1357 1776 parte
1402 1700 1642 1776 quidem
1700 1700 1975 1758 lacunam
2036 1700 2251 1775 explet,

228 1791 440 1847 contra
484 1790 628 1863 129,
652 1790 732 1847 15
762 1788 946 1848 verba
983 1790 1186 1864 spuria
1221 1794 1443 1847 natuffa
1478 1791 1589 1848 sibi
1625 1790 1782 1848 dedit
1816 1788 1978 1847 solus
2005 1788 2251 1862 omittit,

226 1897 379 1953 quae
443 1881 601 1936 certe
665 1896 786 1937 non
847 1878 1072 1951 omnia,
1136 1878 1292 1937 sicut
1352 1878 1535 1936 etiam
1594 1880 1924 1936 ceterorum
1982 1877 2250 1936 codicum

228 1967 668 2026 emendationes
732 1968 1180 2043 interpolatoris
1252 1968 1535 2026 scientiae
1606 1968 1901 2044 imputare
1976 1969 2182 2026 ausim.
2196 1958 2248 2049 ²)

226 2056 438 2132 Itaque
484 2076 558 2114 ne
616 2056 833 2114 horum
876 2056 1160 2116 lectiones
1207 2074 1410 2116 omnes
1457 2075 1857 2132 aspernemur,
1914 2075 2006 2116 res
2064 2057 2248 2115 ratio-

223 2164 340 2220 que
384 2147 646 2204 monent.
658 2136 712 2226 3)
807 2145 968 2214 Quae
1023 2145 1146 2204 iam
1191 2145 1483 2221 codicum,
1528 2164 1780 2221 quorum
1826 2144 2249 2205 concordantia

405 2300 456 2366 1)
493 2296 574 2350 sic
610 2316 680 2350 m.
723 2303 772 2365 2,
807 2297 1104 2366 spectanda
1137 2315 1210 2350 m.
1251 2304 1302 2352 1.

405 2371 457 2436 2)
505 2367 689 2422 Codex
728 2375 762 2420 Β
809 2367 951 2422 miro
1000 2368 1167 2422 modo
1218 2385 1348 2421 cum
1382 2366 1678 2422 Vincentio
1723 2367 2108 2422 Bellovacensi
2154 2367 2247 2449 Sp.

221 2438 413 2495 Doctr.
440 2438 518 2492 IV
545 2445 614 2492 46
636 2457 754 2507 sqq.
785 2437 876 2508 Sp.
907 2438 976 2492 H.
996 2438 1126 2492 VIII
1155 2445 1257 2492 106
1269 2456 1417 2507 -sqq.‚
1456 2438 1613 2492 cuius
1651 2437 1773 2493 sola
1808 2437 2057 2493 editione
2092 2441 2247 2508 typ1s

221 2508 498 2580 impressa
524 2527 657 2564 usus
686 2528 824 2580 sum,
864 2509 1126 2565 concinit.
1182 2509 1431 2578 Uterque
1457 2510 1693 2580 praebet
1728 2516 1780 2577 2,
1801 2515 1868 2564 14
1895 2527 2019 2565 cum
2052 2511 2249 2564 damus

226 2585 291 2634 19
327 2583 668 2637 necessitates
703 2599 810 2636 om.
862 2587 947 2650 11,
970 2587 1002 2635 8
1031 2599 1224 2650 parua
1257 2588 1308 2637 et
1343 2582 1571 2636 sordida
1616 2587 1647 2635 9
1685 2583 1747 2636 in
1784 2598 1891 2637 om.
1940 2587 2008 2634 24
2047 2581 2247 2636 oblitus

221 2659 300 2707 est
349 2658 489 2721 12,4
525 2659 578 2707 et
610 2654 782 2722 specie
828 2657 965 2720 23,2
1002 2653 1200 2720 facilia
1237 2669 1344 2706 om.
1394 2658 1478 2720 24,
1499 2658 1567 2706 28
1604 2653 1702 2707 ubi
1735 2653 2025 2721 impetrasti
2071 2657 2155 2719 32,
2179 2657 2245 2705 18

223 2725 398 2779 noxia
426 2741 666 2792 quaeque
693 2723 795 2794 (sic
812 2723 990 2790 Vinc.‚
1019 2729 1054 2794 ξ
1073 2751 1141 2776 =
1163 2741 1301 2794 quae
1321 2725 1373 2793 8)
1403 2724 1832 2792 concupiscimus
1860 2728 1927 2775 22
1948 2730 2153 2778 actores
2172 2723 2245 2778 al.

221 2793 470 2863 Uterque
509 2810 576 2847 ex
615 2795 809 2848 eodem
845 2793 1120 2865 florilegio
1159 2797 1422 2864 excerpta
1458 2793 1829 2863 desumpsisse
1865 2792 2102 2848 videtur.

402 2868 457 2935 3)
493 2866 554 2918 In
607 2864 733 2935 ipsa
781 2864 1233 2934 interpunctione
1281 2865 1344 2918 ln·
1393 2881 1506 2919 non
1557 2865 1728 2918 semel
1778 2864 2049 2933 sequendi
2084 2869 2241 2932 sunt3

221 2953 353 2991 nam
389 2942 455 2990 ut
493 2942 578 3004 74,
600 2943 631 2989 3
669 2942 710 2989 P
761 2935 1070 3005 distinxit„
1095 2940 1226 3006 post
1269 2935 1523 3006 Lipsium
1572 2935 1871 2990 ediderunt
1926 2938 1985 2990 et
2036 2935 2136 2990 alii
2188 2940 2247 2991 et

221 3007 412 3062 Gertz:
442 3009 690 3074 fortuma.
747 3008 870 3064 Sive
899 3052 910 3064 .
935 3050 946 3062 .
976 3009 1232 3074 homines,
1258 3009 1461 3078 en'yite,
1490 3023 1602 3060 non
1630 3006 1778 3060 sicut
1804 3008 1975 3061 antea
1998 3009 2246 3076 fortuma,

219 3081 330 3134 sive
370 3125 379 3134 .
415 3124 425 3133 .
463 3080 719 3134 homines.
794 3079 1030 3150 Eriyite.
1114 3077 1386 3132 Similiter
1440 3083 1525 3146 80,
1566 3082 1631 3131 13
1685 3084 1741 3131 u
1792 3077 2245 3148 interpunctione

221 3149 507 3220 separavit
543 3151 705 3220 leyem
741 3152 800 3203 et
827 3152 1094 3220 patriam,
1131 3150 1282 3217 quod
1310 3148 1542 3218 Madvig
1572 3149 1881 3219 proposuit.
1942 3155 2061 3220 175,
2085 3155 2147 3203 11
2177 3154 2245 3203 ut

221 3219 546 3303 interpunxi
592 3237 720 3274 cum
756 3220 979 3276 Gertzio
1023 3238 1216 3287 suanm
1261 3221 1395 3274 dum
1424 3264 1435 3275 .
1468 3263 1479 3274 .
1508 3227 1728 3287 nutant,
1772 3222 2033 3292 inymtia,
2071 3220 2241 3275 inter-

221 3306 399 3363 pungi
436 3291 617 3346 voluit
654 3297 722 3361 ῦς
759 3291 911 3346 idem
948 3294 1006 3346 et
1031 3297 1072 3344 P
1106 3291 1327 3345 faciunt
1363 3309 1489 3345 cum
1524 3290 1869 3362 HStephano
1911 3297 2030 3360 185,
2051 3297 2082 3345 8
2110 3294 2245 3361 quid

223 3363 387 3434 erqo?
433 3365 485 3418 si
514 3407 524 3417 .
559 3407 570 3418 .
601 3366 834 3431 occasio,
880 3380 1098 3433 semper.
1173 3363 1372 3431 Itaque
1410 3369 1495 3431 23,
1515 3368 1583 3416 22
1629 3362 1728 3417 ubi
1776 3365 1907 3417 ante
1951 3380 2020 3416 ‘ne
2063 3380 2125 3417 ro
2161 3364 2244 3418 ati

221 3436 503 3490 videamwr
537 3433 794 3516 graviore
829 3451 962 3488 usus
1001 3452 1123 3488 sum
1153 3433 1332 3503 signo,
1367 3432 1576 3488 leviore
1602 3437 1733 3504 post
1757 3435 1911 3500 facti,
1948 3433 2122 3502 paulu
2146 3449 2241 3485 um

222 3521 309 3559 me
337 3505 594 3560 defendit
622 3513 670 3574 Β,
710 3523 837 3559 cum
868 3505 1086 3560 tradat:
1124 3506 1501 3560 intercidenda
1526 3512 1669 3560 swnt.
1726 3505 1833 3560 Sed
1856 3521 1924 3558 ne
1950 3505 2241 3557 uideamur

222 3579 401 3646 roqati
419 3579 543 3644 etc.,
560 3576 814 3644 quamvis
832 3593 944 3631 non
961 3576 1151 3630 defore
1171 3575 1363 3645 sciam,
1378 3575 1583 3644 quibus
1603 3578 1665 3629 ut
1681 3573 1903 3629 Gertzio
1923 3572 2237 3641 displiceat.
