2610 3920
1110 210 1524 265 PRAEFATIO
2181 211 2335 267 XVII

309 364 514 423 sistere
571 362 883 421 fatendum
943 365 1048 421 est.
1141 362 1299 421 Nam
1346 362 1397 420 si
1444 362 1778 421 accuratius
1824 362 1963 421 illos
2010 362 2332 437 inspexeri-

301 470 452 527 mus,
487 452 648 510 haud
684 470 906 527 paucas
942 451 1305 510 mutationes
1344 450 1703 528 detegemus,
1738 470 1889 526 quae
1927 469 2062 510 cum
2102 471 2331 511 merum

301 541 793 617 interpolatorem
836 540 1173 614 redoleant,
1234 540 1379 616 quin
1424 540 1795 599 adulterinae
1856 540 2001 618 sint,
2064 540 2333 599 dubitari

299 630 524 706 nequit.
618 628 716 690 Sic
763 630 866 704 83,
898 631 979 687 24
1028 634 1081 688 et
1121 630 1363 703 iynobili
1406 629 1469 687 in
1515 632 1638 689 GP
1682 632 1893 688 natum
1954 631 2045 688 est
2103 648 2174 687 ex
2221 630 2322 688 ab·

306 719 484 777 surda
541 718 650 777 illa
695 718 994 794 scriptura
1040 720 1378 794 amboque,
1438 717 1521 777 sic
1572 718 1689 776 181
1702 762 1717 792 ,
1747 719 1785 777 8
1821 720 2231 792 perseuerauit
2275 722 2336 777 et

311 809 535 884 216,1
550 811 581 865 1
643 809 798 867 male
855 810 1090 866 ruentia
1145 810 1357 866 iterum
1414 807 1477 865 in
1552 806 1765 865 iisdem
1824 807 2079 865 similem
2138 811 2336 866 ortum

305 897 570 973 sapiunt,
629 896 776 955 item
836 898 937 971 13,
965 898 1051 956 20
1112 915 1181 954 ex
1241 895 1552 971 archetypi
1612 896 1866 955 lectione
1926 896 2334 971 inexplicabili

302 1004 515 1060 sparsa
576 989 704 1044 erat
759 988 893 1060 ayri
950 1003 1186 1044 sensum
1231 984 1444 1044 elicere
1490 984 1683 1044 voluit
1728 989 1801 1043 M
1844 985 2134 1044 mutando
2182 1004 2335 1059 quae

301 1093 516 1149 sparsa
576 1078 746 1133 erant
789 1076 939 1143 aori,
1001 1075 1202 1150 sicque
1247 1092 1357 1149 pro
1404 1074 1655 1151 integris
1700 1073 2044 1149 philosophi
2089 1074 2335 1133 vocibus

311 1182 418 1222 sua
463 1164 712 1222 inventa
747 1163 1084 1222 venditavit
1135 1166 1233 1237 19,
1267 1165 1347 1221 12
1388 1164 1711 1222 (tortoribus
1760 1164 1972 1238 26,12
2022 1164 2093 1222 de
2136 1163 2230 1222 die
2272 1182 2339 1222 m

308 1254 461 1311 diem
494 1253 849 1326 protrahens
910 1252 1011 1328 32,
1044 1253 1080 1311 5
1128 1270 1248 1311 non
1308 1252 1589 1312 exultauit
1640 1270 1703 1311 se
1753 1270 1939 1326 supra
2002 1253 2104 1327 33,
2135 1254 2168 1310 1
2218 1270 2338 1310 non

305 1345 534 1399 tantum
579 1341 805 1400 dedisse
853 1342 953 1416 35,
987 1343 1022 1400 3
1063 1344 1357 1415 incoynita
1403 1345 1506 1400 tua
1552 1343 1707 1400 dona
1753 1343 1857 1415 42,
1888 1342 1925 1399 8
1972 1342 2339 1415 moratorum

306 1430 540 1503 onspam
589 1430 693 1504 67,
726 1432 807 1488 14
845 1432 1088 1503 fecerint
1119 1447 1399 1489 memores
1448 1432 1593 1504 100,
1626 1431 1662 1488 6
1701 1432 2029 1503 opinionem
2066 1432 2339 1490 bonitatis

305 1512 404 1597 (ex
445 1520 549 1595 99,
583 1512 698 1599 28)
737 1520 813 1577 al.
887 1519 1055 1578 Idem
1089 1519 1319 1577 factum
1358 1521 1447 1577 est
1482 1519 1546 1577 in
1572 1523 1627 1579 1²
1664 1518 1935 1598 aliisque,
1972 1518 2131 1577 idem
2167 1519 2231 1576 in
2260 1522 2338 1593 G,

304 1607 470 1666 cuius
541 1607 734 1666 scriba
802 1608 995 1666 multa
1065 1626 1204 1667 sane
1274 1608 1625 1685 sagacitatis
1684 1608 2009 1683 specimina
2069 1608 2337 1683 speciosa

301 1697 482 1773 dedit,
528 1699 600 1755 ut
645 1697 906 1772 quodam
949 1697 1239 1756 bonitatis
1287 1696 1600 1773 splendore
1647 1697 1877 1755 animos
1924 1696 2337 1773 quaerentium

305 1785 536 1845 alliciat
577 1786 1120 1863 praestringatque.
1195 1785 1313 1844 Sed
1352 1804 1715 1862 quamquam
1756 1786 1976 1845 multos
2022 1786 2185 1844 locos
2231 1786 2340 1843 aut

300 1875 565 1952 integros
628 1874 694 1932 in
754 1875 1074 1950 exemplari
1135 1893 1242 1933 suo
1305 1875 1537 1933 invenit
1583 1878 1692 1933 aut
1735 1877 1895 1933 recte
1944 1875 2208 1949 sanavit,
2266 1875 2337 1932 ut

301 1964 384 2023 ibi
445 1983 580 2023 cum
638 1965 938 2040 prioribus
998 1953 1327 2024 editoribus
1387 1983 1525 2023 eum
1587 1964 1755 2040 sequi
1809 1984 1928 2024 non
1984 1964 2334 2040 dubitarim,

301 2053 468 2112 velut
528 2054 631 2129 26,
665 2056 729 2128 13
793 2054 894 2128 32,
929 2056 1036 2129 193
1103 2055 1207 2128 49,
1241 2057 1349 2125 11;
1380 2055 1490 2126 29;
1555 2055 1657 2130 50,
1689 2055 1755 2130 83
1819 2055 1921 2129 51,
1953 2055 2063 2129 233
2128 2055 2229 2128 70,
2261 2054 2333 2126 63

306 2143 533 2218 76‚23;
576 2143 809 2218 114,3;
852 2145 1128 2217 122,12;
1171 2144 1406 2217 124,6;
1450 2144 1727 2220 135,24;
1772 2143 2012 2220 137,4;
2055 2143 2337 2220 150,12;

307 2232 449 2308 162,
482 2232 587 2306 18;
649 2233 792 2307 193,
825 2233 889 2304 6;
924 2234 958 2290 7
1007 2231 1103 2304 aL,
1169 2231 1304 2290 aliis
1369 2232 1572 2290 tamen
1636 2232 1844 2307 procul
1903 2231 2084 2291 dubio
2150 2231 2335 2289 inter-

300 2320 538 2396 polator
573 2320 1048 2395 deprehenditur.
1125 2320 1222 2379 Sic
1257 2322 1329 2378 ut
1366 2321 1660 2398 omittam,
1710 2338 1862 2397 quae
1906 2322 2100 2380 multa
2140 2320 2337 2378 minus

300 2426 580 2484 prospere
645 2409 694 2467 ei
763 2413 1096 2484 cessenmt,
1174 2410 1319 2485 161,
1361 2411 1440 2468 29
1498 2410 1622 2468 iam
1687 2409 2097 2468 coniecturam
2165 2426 2334 2467 suam

299 2498 522 2556 malam
585 2497 850 2574 quidem,
931 2498 1033 2557 sed
1097 2518 1217 2557 non
1280 2498 1459 2574 plane
1525 2498 1872 2574 absurdam,
1956 2499 2182 2557 molens
2243 2497 2336 2555 in-

301 2589 592 2661 seruerat,
651 2606 784 2646 cum
842 2606 1026 2646 manu
1069 2587 1262 2646 invita
1310 2587 1525 2662 opinor
1570 2591 1631 2646 et
1675 2606 1865 2662 paene
1915 2587 2109 2646 inscia
2152 2586 2338 2644 etiam

303 2675 464 2750 quod
515 2675 580 2734 in
638 2676 805 2735 fonte
852 2676 1147 2735 exstitisse
1194 2679 1525 2735 ceterorum
1571 2693 1887 2736 consensus
1945 2675 2335 2751 demonstrat,

297 2765 468 2824 uides
528 2764 748 2824 adiecit
789 2767 1114 2840 statimque
1160 2765 1391 2824 fraudis
1437 2766 1707 2825 conscius
1753 2764 1996 2838 delevit3
2056 2764 2141 2823 sic
2191 2765 2339 2842 177,

301 2931 448 2987 libro
508 2933 579 2987 de
620 2950 779 3004 romp
781 2933 858 2988 tis
919 2933 1165 3004 pretium
1221 2951 1385 2988 suum
1440 2933 1701 2989 debeant.
1791 2933 2052 2988 Meliores
2110 2931 2334 2988 codices

301 3003 526 3059 saeculo
563 2951 958 3087 {IIJXIIIp
869 3005 1046 3060 fuisse
1091 3004 1225 3058 inde
1263 3005 1471 3072 elucet,
1519 3005 1670 3073 quod
1704 3003 2039 3060 Vincentius
2078 3003 2335 3059 Bellova-

300 3074 479 3129 censis
517 3075 613 3129 hic
649 3075 769 3129 11116
807 3075 1266 3146 oppugnantibus
1313 3075 1476 3129 libris
1514 3078 1617 3130 aut
1653 3075 1913 3130 omnibus
1944 3078 2044 3131 aut
2074 3074 2335 3146 plurimis

298 3162 489 3200 verum
535 3145 741 3216 tradit,
791 3151 858 3201 ut
905 3153 989 3214 12,
1013 3153 1040 3200 1
1087 3150 1145 3201 et
1183 3153 1266 3216 51,
1292 3153 1341 3215 7,
1379 3146 1462 3201 ibi
1500 3164 1535 3200 a
1581 3147 1736 3201 nullo
1784 3147 2039 3202 codicum
2086 3146 2333 3216 adiutus,

299 3215 394 3270 hic
421 3233 456 3271 a
485 3223 540 3274 G.
597 3190 789 3271 Etiam
818 3217 1038 3272 codices
1066 3217 1326 3273 Pinciani
1361 3235 1476 3272 non
1504 3217 1677 3274 semel
1706 3218 2006 3288 excellunt,
2041 3217 2138 3272 cfr.
2168 3217 2339 3272 Ross-

297 3287 445 3341 bach
478 3287 515 3343 1.
545 3288 658 3358 lp
663 3293 790 3345 ,18
865 3288 974 3343 Sed
1018 3289 1167 3344 hanc
1212 3288 1624 3360 praestantiam
1666 3306 1779 3344 non
1821 3289 1907 3344 ita
1941 3262 2137 3343 multis
2182 3287 2325 3343 locis

296 3357 582 3485 lsicglptoquis
618 3307 925 3429 enituisse,
969 3359 1226 3430 pluribus
1273 3377 1402 3415 vero
1453 3363 1743 3485 corrupto?
1793 3376 1865 3415 ne
1915 3359 2043 3485 illlos
2096 3359 2327 3484 qgligem

303 3446 470 3554 ,,ιῖἓὲ
507 3430 1294 3583 (νὲῑῗῖᾞεὲᾞωέἶέῗῗη
1298 3431 2333 3585 “33“”35‘1311153211‘50231'32¹¹0⁸&anss

304 3587 436 3626 num
471 3572 777 3643 exemplari
814 3572 1174 3643 Gottingensi
1211 3574 1297 3628 uti
1333 3573 1474 3627 mihi
1510 3573 1675 3627 licuit
1729 3547 1868 3628 satis
1906 3573 2160 3642 apparet.

1824 3663 1898 3716 b*
