2610 3920
324 170 405 234 12
963 170 1022 224 L.
1061 168 1344 222 ANNAEI
1381 168 1705 224 SENECAE

317 314 714 397 beneficium,
761 335 906 377 cum
951 313 1158 397 daret,
1205 313 1318 396 qui
1364 312 1539 376 dedit
1584 317 1913 396 tamquam
1958 333 2086 377 non
2130 334 2357 397 recep-

318 408 524 485 turus„
569 402 826 484 recepit,
872 405 1203 485 tamquam
1249 422 1381 465 non
1427 401 1723 485 dedisset,
1770 402 1880 484 qui
1928 401 2355 487 occasionem,

248 510 280 557 2
319 513 446 575 qua
500 490 858 575 prodesset,
915 493 978 553 et
1034 490 1368 573 occupavit
1429 494 1493 553 et
1555 489 1845 573 quaesiit.
1946 487 2188 554 Contra
2252 491 2355 554 in-

319 583 505 666 grata
552 582 722 663 sunt,
770 582 844 642 ut
881 579 1032 664 dixi,
1075 578 1224 642 licet
1262 600 1332 641 re
1368 600 1441 642 ac
1479 578 1687 662 specie
1722 598 1954 663 magna
1990 578 2354 665 videantur,
2526 654 2528 661 Ι

319 690 481 752 quae
536 667 714 731 danti
771 670 881 731 aut
936 671 1399 750 extorquentur
1455 672 1567 731 aut
1622 666 1948 752 excidunt,
2005 666 2348 751 multoque
2418 694 2447 733 5
2528 736 2530 741 .

317 756 565 841 gratius
593 756 787 839 venit,
826 756 998 839 quod
1034 756 1209 819 facili
1247 777 1441 838 quam
1480 755 1654 838 quod⁴
1685 755 1873 839 plena
1910 777 2103 820 manu
2133 754 2347 821 datur.

247 862 277 911 3
317 844 644 929 Exiguum
690 848 816 930 est,
870 844 1043 927 quod
1085 844 1156 906 in
1209 866 1312 907 me
1358 844 1659 930 contulit,
1715 844 1823 907 sed
1878 843 2154 926 amplius
2208 865 2349 908 non

316 934 558 1018 potuit3
604 937 671 998 at
716 932 821 998 hic
867 932 1038 1016 quod
1084 930 1276 1018 dedit,
1320 954 1625 1017 magnum
1671 936 1797 1016 est,
1844 932 1953 995 sed
1998 932 2349 1016 dubitavit,

251 1020 260 1063 ³
319 1023 429 1086 sed
472 1022 741 1106 distulit,
787 1020 917 1107 sed,
961 1042 1106 1083 cum
1139 1018 1339 1107 daret,
1384 1020 1646 1106 gemuit,
1691 1020 1802 1083 sed
1838 1020 2109 1104 superbe
2148 1020 2347 1106 dedit,
2538 1070 2540 1079 2

318 1111 427 1175 sed
463 1110 854 1177 circumtulit
890 1112 954 1171 et
991 1108 1237 1191 placere
1272 1131 1406 1172 non
1443 1110 1520 1196 ei,
1546 1110 1648 1173 cui
1684 1109 2075 1193 praestabat,
2102 1109 2345 1195 voluit3
2379 1137 2443 1176 10
2540 1137 2542 1141 ·

319 1198 658 1264 ambitioni
703 1197 894 1280 dedit,
938 1217 1070 1259 non
1113 1198 1291 1262 mihi.
2542 1213 2544 1223 ’

104 1300 296 1355 VHI··1
497 1286 750 1350 Socrati
795 1306 940 1348 cum
983 1285 1188 1349 multa
1231 1308 1352 1370 pro
1400 1286 1533 1350 suis
1590 1286 1861 1369 quisque
1918 1284 2349 1351 facultatibus

322 1375 643 1460 offerrent,
669 1371 1038 1457 AeschineS,
1065 1395 1307 1457 pauper
1335 1375 1614 1438 auditor:
1642 1371 1898 1459 „Nihil“
1927 1374 2140 1457 inquit
2167 1374 2351 1459 „dig-

321 1486 473 1526 num
527 1465 620 1545 te,
675 1461 847 1545 quod
900 1461 1049 1525 dare
1103 1462 1225 1525 tibi
1278 1462 1551 1548 possim,
1604 1462 1859 1526 invenio
1916 1465 1979 1526 et
2032 1460 2155 1525 hoc
2210 1484 2349 1527 uno

320 1551 507 1616 modo
544 1571 889 1634 pauperem
925 1570 1064 1614 esse
1100 1571 1202 1613 me
1241 1552 1465 1616 sentio,
1540 1550 1766 1633 Itaque
1793 1549 1959 1613 dono
1989 1549 2127 1634 tibi,
2168 1552 2351 1633 quod
2382 1578 2439 1617 15

319 1662 518 1703 unum
564 1639 791 1724 habeo,
835 1659 936 1701 me
982 1638 1207 1720 ipsum.
1290 1638 1435 1703 Hoc
1480 1660 1713 1702 munus
1759 1658 1937 1723 rog0,
1982 1637 2350 1721 qualecum-

321 1750 444 1813 que
491 1731 617 1811 est,
672 1727 828 1790 boni
871 1725 1166 1791 consulas
1214 1728 1583 1811 cogitesque
1630 1728 1817 1811 alios,
1872 1748 2016 1790 cum
2062 1727 2349 1791 multum

252 1833 282 1879 2
321 1815 447 1879 tibi
484 1815 724 1897 darent,
759 1814 905 1897 plus
944 1814 1070 1878 sibi
1105 1814 1491 1899 reliquisse.“
1560 1814 1679 1879 Cui
1710 1813 2029 1879 Socrates:
2064 1812 2351 1899 „Quidni

321 1902 431 1968 tu“
475 1903 689 1987 inquit
732 1923 1075 1988 „magnum
1119 1926 1353 1970 munus
1398 1904 1561 1969 mihi
1596 1904 1861 1989 dederis,
1905 1903 2033 1968 nisi
2068 1902 2240 1967 forte
2278 1908 2349 1969 te

321 2013 520 2076 parvo
559 1991 903 2057 aestimas?
975 1992 1246 2057 Habebo
1292 1995 1512 2076 itaque
1547 2014 1750 2076 curae,
1796 1996 1869 2056 ut
1909 1997 1974 2056 te
2010 1991 2349 2057 meliorem
2382 2021 2441 2060 20

321 2081 446 2144 tibi
483 2080 760 2166 reddam,
797 2101 988 2163 quam
1018 2079 1283 2164 accepi.“
1346 2081 1522 2146 Vicit
1550 2081 1899 2146 Aeschines
1927 2080 2050 2144 hoc
2078 2101 2349 2146 munere

320 2167 677 2231 Alcibiadis
731 2190 949 2251 parem
994 2169 1234 2232 divitiis
1290 2169 1576 2233 animum
1622 2173 1687 2234 et
1733 2191 1985 2232 omnem
2037 2169 2347 2233 iuvenum

324 2256 774 2339 opulentorum
817 2257 1331 2320 munificentiam.

136 2361 212 2414 IX
253 2364 280 2410 1
497 2343 714 2430 Vides,
759 2343 1076 2427 quomodo
1123 2345 1374 2407 animus
1420 2345 1705 2409 inveniat
1757 2343 2165 2408 liberalitatis
2212 2367 2345 2408 ma-

323 2433 550 2497 teriam
605 2433 797 2496 etiam
848 2433 1018 2496 inter
1073 2433 1447 2516 angustias?
1537 2431 1811 2496 Videtur
1864 2431 2024 2495 mihi
2074 2431 2343 2498 dixisse:
2378 2461 2438 2502 25

322 2519 543 2607 „Nihil
579 2520 788 2605 egisti,
832 2519 1111 2604 fortuna,
1148 2520 1320 2603 quod
1355 2542 1459 2584 me
1494 2542 1837 2604 pauperem
1874 2541 2011 2584 esse
2047 2520 2345 2605 voluisti3

325 2609 654 2691 expediam
706 2609 972 2694 dignum
1024 2607 1229 2671 nihilo
1283 2609 1498 2672 minus
1557 2608 1707 2672 huic
1759 2607 1897 2672 viro
1952 2629 2213 2694 munus,
2276 2614 2346 2673 et

325 2697 475 2779 quia
521 2697 596 2760 de
639 2701 755 2761 tuo
800 2717 932 2761 non
977 2717 1270 2781 possum,
1329 2696 1404 2760 de
1453 2717 1596 2760 meo
1643 2696 1862 2760 dab0.“
1951 2695 2175 2779 Neque
2223 2702 2344 2784 est,

326 2783 498 2867 quod
534 2785 860 2849 existimes
897 2784 1083 2849 illum
1119 2784 1311 2848 vilem
1350 2785 1476 2848 sibi
1524 2784 1751 2848 fuisse:
1796 2779 2074 2867 pretium
2122 2805 2189 2847 se
2236 2787 2343 2850 sui

499 2943 526 2990 1
561 2956 675 2993 non
712 2947 747 2994 ς
795 2940 1036 2995 Vincent.
1067 2941 1272 2995 Bellov.
1303 2940 1397 3009 Sp.
1419 2941 1497 2994 H.
1527 2941 1927 3010 VIII(IX)106
1954 2939 2046 3008 Sp.
2076 2939 2151 2993 D.
2191 2939 2246 2992 V
2266 2944 2345 2995 46

324 3025 424 3064 om.
457 3014 494 3061 0
527 3011 535 3079 Ι
567 3013 886 3079 recepturos
913 3011 986 3062 lv
1013 3013 1031 3080 ΙΙ
1058 3017 1093 3064 2
1128 3009 1329 3081 recipit
1356 3011 1501 3065 R¹S²
1527 3015 1545 3081 ΙΙ
1573 3017 1604 3064 3
1632 3027 1741 3064 11011
1781 3009 2078 3081 occupauit
2114 3009 2214 3062 sed
2242 3016 2297 3062 Π
2332 3011 2341 3084 Ι

324 3078 606 3146 quaesiuit
640 3086 737 3133 us
780 3082 800 3149 ΙΙ
845 3086 876 3132 8
915 3082 1013 3134 sed
1050 3080 1179 3135 dub.
1209 3114 1277 3122 —
1309 3100 1427 3152 sup.
1470 3081 1629 3136 dedit
1663 3097 1761 3136 om.
1802 3082 1871 3134 (3¹
1918 3081 1926 3152 Ι
1974 3080 2023 3134 01
2060 3080 2192 3134 dub.
2220 3081 2297 3132 3²
2325 3085 2346 3154 Η

324 3155 388 3202 10
422 3150 734 3218 praestauit
770 3158 802 3204 Β
856 3153 876 3221 ΙΙ
927 3156 990 3204 12
1027 3153 1240 3221 sograti
1275 3155 1473 3223 (saepe)
1509 3152 1581 3205 Νι
1631 3155 1639 3222 Ι
1688 3152 1926 3206 multum
1963 3157 1994 3204 S
2044 3151 2052 3222 Ι
2102 3150 2345 3220 quisque

324 3237 454 3274 rasa
491 3238 516 3273 0
552 3227 599 3273 N
625 3223 644 3290 ΙΙ
670 3227 731 3274 13
769 3220 981 3277 offerrit
1007 3223 1079 3274 Νι
1105 3225 1124 3292 ΙΙ
1150 3229 1212 3277 14
1250 3241 1424 3277 unum
1450 3225 1522 3275 Νι
1549 3227 1567 3293 ΙΙ
1594 3227 1654 3275 15
1692 3239 1780 3276 me
1818 3237 1938 3276 esse
1967 3227 2009 3274 G
2043 3238 2133 3275 me
2169 3239 2341 3292 paup.

327 3290 504 3345 sentio
545 3298 576 3345 S
630 3294 650 3360 ΙΙ
703 3299 762 3345 17
801 3294 888 3346 est
935 3291 1070 3345 boni
1120 3309 1220 3349 om.
1258 3299 1314 3348 Π
1363 3293 1497 3347 boni
1546 3295 1646 3348 hoi
1692 3311 1837 3348 cons,
1879 3298 1910 3345 S
1968 3293 1977 3360 Ι
2033 3291 2216 3346 multa
2253 3299 2288 3345 8
2338 3295 2345 3366 Ι

325 3367 386 3414 18
415 3361 747 3431 relinquisse
765 3363 838 3415 Νι
864 3364 883 3430 ΙΙ
909 3368 980 3415 20
1008 3363 1232 3418 estimes
1254 3371 1285 3418 S
1318 3367 1327 3434 Ι
1358 3363 1579 3418 habebo
1599 3363 1778 3417 513²?
1803 3363 1984 3416 habeo
2007 3366 2044 3413 0
2072 3367 2091 3427 ΙΙ
2117 3367 2181 3414 21
2207 3363 2317 3417 hoc

327 3449 426 3486 suo
466 3439 498 3485 Β
553 3436 571 3503 11
624 3438 694 3486 22
733 3431 1039 3487 alcibiades
1075 3436 1147 3485 lv
1193 3435 1201 3505 Ι
1249 3433 1445 3488 diuitis
1481 3435 1555 3486 ΠΙ
1600 3439 1619 3504 ΙΙ
1662 3440 1733 3488 26
1760 3448 1849 3486 1110
1886 3448 1985 3486 om.
2027 3437 2069 3484 G
2110 3434 2130 3501 ΙΙ
2174 3438 2242 3486 27
2284 3437 2345 3487 et

325 3503 476 3572 quod
515 3509 546 3556 Β
587 3507 606 3574 ΙΙ
645 3509 714 3557 29
753 3503 800 3557 01
835 3502 1083 3573 precium
1121 3511 1153 3557 Β
