2610 3920
461 181 588 246 158
1095 183 1155 236 L.
1192 181 1477 236 ANNAEI
1514 180 1842 237 SENECAE

455 327 715 412 nolunt3
757 348 891 392 non
927 332 1143 391 tamen
1177 327 1321 392 ideo
1358 327 1491 391 illis
1533 327 1913 394 beneficium
1950 328 2280 415 debemus,
2321 331 2490 413 quod

454 415 814 500 perniciosa
865 416 1128 481 illorum
1171 416 1441 480 consilia
1492 416 1757 481 fortuna
1802 416 2063 482 deflexit
2108 417 2182 482 in
2234 419 2490 483 melius.
2545 421 2546 426 ’

385 522 418 568 2
454 503 563 568 An
615 505 946 569 existimas
1001 527 1105 570 me
1161 505 1391 570 debere
1448 505 1505 569 ei
1562 505 1931 592 quicquam,
1996 505 2179 570 cuius
2236 530 2491 594 manus,
2545 577 2546 604 ¹

455 615 600 658 cum
636 615 738 658 me
773 597 1040 679 peteret,
1075 594 1395 678 percussit
1431 592 1689 659 hostem
1724 617 1957 680 meum,
1995 596 2109 679 qui
2132 596 2488 681 nocuisset,

453 682 582 746 nisi
625 683 945 747 errasset?
1020 681 1221 766 Saepe
1255 683 1464 768 testis,
1508 683 1661 747 dum
1709 689 1930 768 aperte
1976 685 2243 768 peierat,
2296 685 2489 750 etiam
2526 711 2546 750 5

453 773 622 836 veris
667 772 946 836 testibus
1001 772 1341 857 abrogavit
1395 772 1587 837 fidem
1642 776 1708 836 et
1752 795 1934 838 reum
1978 774 2153 837 velut
2200 774 2488 840 factione
2545 781 2546 854 ξ

383 877 414 924 3
453 861 955 926 circumventum
1027 860 1460 926 miserabilem
1532 861 1827 926 reddidit.
1935 861 2267 938 Quosdam
2335 864 2489 949 ipsa,
2545 857 2546 928 ἕ

457 963 618 1033 quae
655 951 1007 1035 premebat,
1052 950 1347 1035 potentia
1383 951 1640 1037 eripuit,
1684 955 1750 1014 et
1785 950 2048 1036 iudices,
2084 973 2287 1035 quem
2326 953 2489 1017 dam·
2545 945 2546 1006 3

451 1039 671 1103 naturi
717 1043 898 1104 erant
943 1061 1189 1124 causae,
1233 1039 1535 1104 damnare
1581 1040 1829 1125 gratiae
1870 1041 2243 1106 noluerunt.
2342 1040 2489 1106 Non

453 1131 668 1192 tamen
710 1127 784 1191 hi
828 1127 1210 1212 beneficium
1247 1150 1357 1193 reo
1394 1127 1724 1214 dederunt,
1760 1129 2053 1212 quamvis
2100 1130 2488 1215 profuerint,
2508 1143 2546 1210 10}

454 1217 622 1302 quia,
667 1238 797 1300 quo
833 1218 1103 1281 missum
1140 1217 1228 1287 sit
1264 1217 1487 1301 telum,
1530 1238 1665 1282 non
1702 1239 1829 1301 quo
1866 1219 2255 1305 pervenerit,
2308 1242 2488 1304 quae-
2545 1231 2546 1306 ]

450 1305 636 1389 ritur,
681 1308 748 1368 et
793 1305 1170 1370 beneficium
1217 1306 1298 1370 ab
1343 1306 1584 1370 iniuria
1628 1306 1973 1392 distinguit
2025 1329 2160 1372 non
2218 1314 2487 1377 eventus
2545 1309 2546 1352 ἲ

378 1409 414 1457 4
453 1393 564 1457 sed
609 1395 874 1458 animus.
949 1393 1373 1460 Adversarius
1418 1417 1619 1478 meus,
1665 1395 1817 1460 dum
1862 1395 2185 1460 contraria
2226 1397 2400 1463 dicit
2435 1402 2488 1461 et

450 1482 722 1548 iudicem
779 1483 1080 1568 superbia
1135 1483 1403 1548 offendit
1449 1488 1514 1548 et
1569 1484 1639 1547 in
1693 1507 1894 1549 unum
1948 1489 2184 1550 testem
2240 1491 2483 1552 temere
2545 1527 2546 1534 κ

449 1593 581 1636 rem
635 1573 950 1657 demittit,
1005 1594 1262 1638 causam
1317 1594 1527 1637 meam
1588 1574 1818 1658 erexit3
1878 1595 2012 1638 non
2068 1596 2323 1658 quaero
2336 1631 2357 1663 ‚
2418 1599 2489 1641 an
2506 1575 2546 1660 ι5ῗ

447 1683 567 1745 pro
614 1683 718 1726 me
763 1663 1098 1726 erraverit:
1144 1664 1371 1726 contra
1414 1683 1516 1726 me
1560 1662 1786 1727 voluit.
2545 1667 2546 1745 ξ

260 1759 339 1814 IX
380 1766 407 1813 1
625 1747 905 1835 Nempe,
959 1755 1033 1814 ut
1089 1754 1314 1836 gratus
1370 1751 1523 1836 sim,
1565 1751 1729 1814 velle
1788 1751 1985 1816 debeo
2029 1751 2204 1816 idem
2260 1753 2489 1836 facere,
2545 1753 2546 1838 ᾖ

450 1839 623 1922 quod
667 1839 795 1920 ille,
839 1844 915 1903 ut
961 1839 1339 1905 beneficium
1386 1840 1585 1924 daret,
1630 1840 1867 1905 debuit.
1952 1837 2128 1904 Num
2178 1842 2354 1924 quid
2400 1847 2487 1907 est
2545 1854 2546 1926 ᾗ

449 1927 735 2012 iniquius
768 1927 1048 2017 homine,
1088 1929 1199 2013 qui
1237 1950 1385 1994 eum
1422 1929 1575 2013 odit,
1622 1951 1659 1993 a
1697 1950 1825 2013 quo
1862 1929 1931 1993 in
1966 1928 2161 1994 turba
2200 1931 2487 1997 calcatus

447 2020 562 2081 aut
597 2038 926 2101 respersus
965 2022 1097 2104 aut,
1142 2040 1270 2102 quo
1308 2018 1531 2103 nollet,
1573 2018 1873 2103 inpulsus
1910 2018 2052 2082 est?
2102 2021 2299 2103 atqui
2343 2021 2489 2105 quid
2508 2042 2546 2099 a}

448 2109 549 2169 est
593 2106 794 2192 aliud,
841 2108 1013 2191 quod
1057 2108 1244 2171 illum
1288 2108 1609 2191 querellae
1654 2108 1922 2190 eximat,
1966 2130 2112 2173 cum
2156 2108 2232 2172 in
2282 2132 2363 2175 re
2412 2111 2488 2173 sit
2545 2104 2546 2159 ἱ

377 2211 408 2258 2
447 2194 702 2282 iniuria,
739 2218 932 2279 quam
967 2196 1268 2281 nescisse,
1304 2196 1461 2280 quid
1494 2196 1775 2261 faceret?
1837 2196 2082 2261 Eadem
2116 2219 2225 2261 res
2265 2200 2491 2283 efficit,
2545 2192 2546 2273 ἶ

444 2306 527 2348 ne
572 2284 678 2348 hic
723 2284 1104 2349 beneficium
1149 2285 1421 2369 dederit,
1474 2307 1555 2349 ne
1600 2286 1711 2349 ille
1754 2286 2057 2350 iniuriam
2100 2285 2379 2373 fecerit3
2432 2293 2491 2353 et
2545 2288 2546 2299 ‘

446 2373 722 2443 amicum
785 2378 850 2437 et
913 2374 1245 2439 inimicum
1307 2374 1607 2440 voluntas
1678 2374 1855 2439 facit.
1963 2374 2170 2451 Quam
2235 2378 2490 2441 multos
2545 2376 2546 2379 ’

444 2462 715 2527 militiae
751 2464 1014 2530 morbus
1051 2462 1317 2547 eripuit!
1360 2462 1693 2550 quosdam,
1726 2485 1808 2527 ne
1844 2463 1924 2527 ad
1958 2463 2217 2527 ruinam
2248 2465 2489 2531 domus
2510 2480 2546 2537 a}

445 2573 600 2617 suae
664 2556 1097 2637 occurrerent,
1157 2552 1456 2617 inimicus
1520 2552 1885 2618 vadimonio
1950 2552 2190 2637 tenuit3
2266 2576 2365 2619 ne
2429 2556 2493 2619 in
2545 2626 2546 2629 Ἴ

443 2642 802 2725 piratarum
858 2661 1087 2705 manus
1145 2641 1581 2726 pervenirent,
1638 2641 1899 2724 quidam
1939 2641 2294 2727 naufragio
2350 2666 2493 2709 con·
2545 2698 2546 2703 ,

445 2731 646 2795 secuti
693 2732 872 2817 sunt3
926 2751 1043 2795 nec
1087 2730 1190 2793 his
1237 2734 1454 2794 tamen
1507 2730 1887 2794 beneficium
1932 2730 2275 2817 debemus,
2344 2734 2495 2818 quia

445 2822 630 2883 extra
685 2841 943 2884 sensum
989 2818 1189 2883 officii
1233 2840 1417 2883 casus
1464 2822 1589 2903 est,
1636 2840 1755 2884 nec
1798 2819 2077 2904 inimice,
2122 2821 2325 2886 cuius
2376 2843 2493 2887 nos
2545 2860 2546 2863 =

372 2922 404 2969 3
441 2906 526 2971 lis
567 2909 866 2993 servavit,
903 2907 1056 2972 dum
1090 2911 1282 2972 vexat
1321 2929 1392 2971 ac
1428 2907 1687 2973 detinet.
1750 2907 1903 2974 Non
1940 2911 2041 2973 est
2072 2908 2496 2997 beneficium,
2514 2924 2547 2983 11,

620 3123 655 3169 4
681 3116 928 3185 novisset
949 3120 1017 3171 (3¹
1044 3121 1062 3188 ΙΙ
1091 3124 1121 3171 5
1150 3117 1331 3173 hostis
1352 3125 1389 3172 0
1410 3135 1546 3173 corr.
1566 3118 1832 3189 Ayricola
1862 3120 1871 3187 Ι
1901 3118 2148 3188 perierat
2170 3124 2211 3173 0
2240 3138 2398 3177 corr.
2422 3144 2464 3176 ω
2492 3124 2497 3166 ἰ

445 3193 475 3239 8
515 3185 741 3255 erupuit
765 3189 946 3258 111119
985 3206 1154 3243 causa
1191 3195 1234 3243 G
1271 3193 1405 3261 (non
1429 3192 1488 3259 Ρ)
1522 3191 1531 3261 Ι
1563 3189 1751 3259 gratia
1778 3194 1871 3242 GP
1898 3192 1917 3259 Η
1943 3194 2005 3242 10
2040 3206 2138 3244 reo
2176 3190 2321 3248 ben.
2358 3199 2456 3247 GP
2486 3194 2493 3263 Ι
2545 3214 2546 3217 ’

442 3256 774 3325 profuerunt
810 3264 852 3309 G
896 3262 916 3327 ΙΙ
960 3265 1016 3311 11
1051 3260 1228 3321 telum
1263 3268 1392 3315 ante
1428 3278 1539 3330 quo
1574 3279 1647 3315 m.
1686 3266 1778 3314 GP
1810 3264 1819 3330 Ι
1850 3260 2114 3330 peruenit
2138 3266 2179 3315 0
2219 3280 2379 3321 corr.
2410 3287 2457 3319 ω

443 3332 506 3408 1⁶3
532 3329 665 3407 tem.
697 3326 902 3450 <rem3
922 3330 1041 3409 My.
1071 3330 1294 3387 demere
1321 3338 1425 3386 ΗΒ
1451 3335 1663 3387 temere
1682 3337 1774 3385 GP
1803 3332 1872 3387 de
1898 3349 1991 3387 me
2016 3349 2139 3387 rem
2164 3334 2469 3407 Rwhkopf
2488 3336 2493 3405 ζ

443 3398 686 3450 dlmittit
711 3401 806 3449 BP
879 3402 1075 3453 imicat
1111 3406 1288 3472 01115
1324 3420 1453 3457 mea
1486 3409 1590 3457 RB
1625 3406 1645 3474 ss
1680 3409 1742 3457 16
1779 3420 1882 3459 err.
1921 3404 2055 3473 quia
2092 3408 2307 3461 contra
2350 3414 2452 3461 GP

442 3473 504 3520 18
544 3468 678 3521 dare
717 3473 754 3520 0
791 3484 928 3522 corr.
965 3490 1008 3523 ω
1055 3474 1064 3537 Ι
1106 3472 1311 3527 debeat
1347 3480 1391 3526 G
1434 3477 1453 3543 11
1498 3480 1561 3528 19
1598 3476 1699 3543 qui
1734 3492 1861 3529 cum
1898 3480 1941 3528 G
1984 3478 2003 3545 ΙΙ
2046 3480 2118 3529 20
2156 3480 2267 3531 aut
2310 3482 2407 3549 (at
2442 3483 2499 3547 Ρ)

444 3536 716 3605 quicquid
754 3543 844 3589 GP
871 3540 979 3609 1121
1017 3540 1300 3609 existimat
1333 3548 1419 3615 ΡΗ
1455 3544 1543 3599 85‘
1564 3546 1789 3616 erupuit
1827 3547 1895 3600 (3¹
1920 3548 1939 3617 11
1968 3552 2036 3601 30
2074 3548 2305 3604 serauit
2346 3557 2499 3604 BGP
