2610 3920
94 55 305 110 XXV'II
335 63 363 109 1
488 41 770 128 „Simul“
796 43 1027 128 inquit,
1061 46 1171 129 „ut
1206 43 1450 127 possim
1485 42 1652 106 ferre
1683 41 1783 104 illi
1810 61 2010 124 opem,
2046 34 2349 123 precor.“

303 133 621 218 Primum,
674 136 749 196 ut
793 136 859 195 te
903 132 974 196 in
1016 130 1223 196 media
1267 135 1450 215 parte
1496 130 1634 194 voti
1678 129 1778 193 tui
1824 149 2150 212 occupem,
2195 126 2344 189 iam

306 223 600 305 ingratus
656 242 750 306 es3
803 220 1092 285 nondum
1146 219 1364 304 audio,
1419 219 1573 303 quid
1626 218 1726 282 illi
1769 218 1927 282 velis
1982 219 2346 300 praestare,

309 311 459 394 scio,
496 309 649 393 quid
684 309 870 374 illum
897 309 1056 374 velis
1085 309 1239 393 pati.
1307 305 1816 372 Sollicitudinem
1852 305 1950 369 illi
1983 309 2048 369 et
2083 308 2342 368 metum

309 403 375 462 et
427 399 635 462 maius
690 397 955 482 aliquod
1008 397 1360 482 inprecaris
1417 396 1675 461 malum.
1776 393 2004 479 OptaS,
2067 397 2144 457 ut
2211 413 2340 475 ope
2413 417 2446 458 5

309 487 621 574 indigeat:
678 486 801 551 hoc
846 490 1071 551 contra
1114 486 1299 549 illum
1347 489 1473 572 est3
1527 489 1714 568 optas
1722 537 1740 570 ,
1792 486 1866 546 ut
1913 504 2034 566 ope
2078 485 2196 546 tua
2241 480 2342 544 in-

310 576 551 661 digeat:
606 575 729 640 hoc
782 598 900 661 pro
954 579 1020 639 te
1076 578 1190 638 est.
1280 572 1432 638 Non
1479 595 1841 638 succurrere
1885 571 1984 634 vis
2040 571 2167 656 illi,
2223 569 2340 634 sed

242 684 271 730 2
312 665 583 730 solvere:
631 665 743 749 qui
788 664 881 729 sic
925 666 1245 748 properat,
1291 663 1456 728 solvi
1500 663 1659 746 vult,
1701 683 1831 725 non
1879 660 2144 724 solvere.
2217 657 2336 741 Ita,

313 754 481 838 quod
518 775 717 817 unum
754 753 823 817 in
856 755 1009 817 voto
1047 755 1161 815 tuo
1197 751 1542 815 honestum
1568 751 1771 815 videri
1806 751 2082 833 poterat,
2117 748 2338 832 ipsum

311 846 500 926 turpe
547 846 611 905 et
656 842 985 927 ingratum
1032 861 1099 903 es
1109 843 1157 925 t,
1200 840 1374 904 nolle
1420 839 1672 924 debere3
1727 841 1912 923 optas
1959 837 2160 922 enim,
2205 857 2338 900 non
2371 863 2442 902 ιο

312 934 386 994 ut
432 934 506 994 tu
550 929 923 992 facultatem
968 927 1205 992 habeas
1250 929 1616 992 referendae
1655 927 1919 1012 gratiae,
1967 924 2078 990 sed
2115 928 2190 988 ut
2226 923 2338 988 ille

311 1018 756 1083 necessitatem
792 1017 1221 1100 inplorandae.
1296 1015 1703 1101 Superiorem
1736 1020 1802 1079 te
1837 1014 1996 1078 facis
2035 1017 2120 1100 et,
2166 1012 2342 1097 quod

313 1106 495 1170 nefas
542 1109 659 1190 est,
703 1106 864 1169 bene
910 1106 1213 1170 meritum
1252 1105 1332 1168 ad
1367 1105 1560 1191 pedes
1594 1109 1744 1169 tuos
1781 1103 2004 1168 mittis.
2081 1101 2340 1178 Quanto

316 1195 518 1258 satius
576 1198 673 1258 est
731 1193 1004 1257 honesta
1057 1194 1392 1258 voluntate
1447 1194 1699 1276 debere,
1763 1215 1956 1276 quam
2018 1193 2344 1255 rationem

247 1301 278 1348 3
317 1305 431 1368 per
494 1283 731 1347 malam
795 1283 1066 1346 solvere!
1159 1281 1229 1346 Si
1290 1283 1690 1367 infitiareris,
1753 1281 1926 1364 quod
1987 1301 2346 1365 acceperaS,
2370 1305 2438 1345 15

317 1373 530 1436 minus
558 1392 879 1454 peccares3
917 1370 1083 1434 nihil
1110 1372 1297 1456 enim,
1323 1371 1453 1435 nisi
1481 1370 1654 1454 quod
1681 1369 1957 1454 dederat,
1985 1369 2343 1451 amitteret3

316 1481 488 1524 nunc
541 1459 639 1524 vis
694 1458 880 1522 illum
936 1458 1141 1522 subici
1186 1459 1338 1543 tibi,
1391 1460 1636 1523 iactura
1688 1480 1903 1525 rerum
1959 1479 2225 1521 suarum
2279 1459 2344 1519 et

321 1551 528 1611 status
574 1546 931 1610 mutatione
975 1547 1045 1612 in
1087 1547 1155 1610 id
1200 1547 1512 1632 devocari,
1559 1551 1632 1611 ut
1667 1546 1838 1610 infra
1879 1546 2189 1610 beneficia
2228 1567 2344 1608 sua

319 1637 540 1699 iaceat.
616 1631 883 1709 Gratum
918 1638 983 1699 te
1020 1636 1309 1719 putabo?
1354 1658 1569 1700 coram
1606 1657 1698 1720 eo,
1745 1636 1850 1698 cui
1885 1633 2190 1719 prodesse
2227 1633 2346 1716 vis,

323 1726 493 1806 opta.
583 1721 827 1787 Votum
882 1727 955 1787 tu
1008 1724 1183 1788 istud
1236 1747 1426 1789 vocas
1436 1775 1455 1808 ,
1511 1725 1682 1808 quod
1733 1726 1903 1788 inter
1959 1726 2222 1807 gratum
2277 1725 2344 1786 et
2372 1748 2438 1786 20

322 1811 654 1874 inimicum
698 1814 915 1894 potest
958 1812 1174 1896 dividi,
1222 1813 1396 1896 quod
1437 1835 1571 1877 non
1616 1806 1868 1876 dubites
1909 1810 2346 1875 adversarium

252 1917 285 1965 4
324 1902 389 1963 et
433 1898 686 1963 hostem
731 1898 974 1986 fecisse,
1020 1901 1077 1964 si
1123 1904 1408 1965 extrema
1451 1901 1826 1966 taceantur?
1899 1899 2143 1965 Hostes
2193 1921 2347 1983 quo·

324 2009 447 2071 que
494 1992 879 2070 optaverunt
914 2010 1138 2071 capere
1176 1989 1483 2072 quasdam
1517 1990 1728 2075 urbes,
1774 1993 1848 2053 ut
1886 1992 2235 2073 servarent,
2280 1992 2346 2052 et

323 2076 573 2140 vincere
621 2075 947 2160 quosdam,
992 2079 1067 2139 ut
1110 2076 1533 2164 ignoscerent,
1577 2100 1694 2142 nec
1729 2078 1872 2142 ideo
1908 2100 2040 2142 non
2075 2077 2346 2141 hostilia

322 2168 493 2249 vota,
528 2165 599 2229 in
626 2164 879 2249 quibus,
917 2164 1086 2248 quod
1122 2165 1538 2230 mitissimum
1565 2170 1682 2250 est,
1718 2170 1868 2250 post
1897 2165 2345 2230 crudelitatem
2373 2191 2434 2231 25

256 2268 287 2315 5
324 2253 514 2317 venit.
604 2252 897 2336 Denique
954 2253 1168 2336 qualia
1222 2275 1361 2319 esse
1414 2254 1655 2329 iudicas
1700 2258 1880 2339 vota,
1935 2277 2098 2338 quae
2152 2276 2344 2319 nemo

324 2340 535 2404 minus
588 2342 713 2405 tibi
733 2342 959 2426 ·volet,
1004 2362 1197 2424 quam
1242 2342 1327 2429 is,
1378 2365 1496 2426 pro
1543 2366 1670 2426 quo
1718 2344 1910 2428 fiunt,
1965 2342 2346 2407 succedere?

324 2427 606 2493 Pessime
662 2452 804 2493 cum
850 2452 924 2493 eo
972 2430 1112 2513 agis
1122 2481 1140 2513 ,
1194 2430 1297 2494 cui
1343 2432 1440 2495 vis
1488 2454 1525 2494 a
1572 2432 1670 2495 dis
1715 2432 1958 2515 noceri,
2005 2454 2043 2495 a
2088 2436 2155 2495 te
2203 2453 2347 2495 suc-

328 2517 515 2601 curri,
550 2518 767 2601 inique
795 2539 940 2581 cum
976 2518 1137 2602 ipsis
1175 2518 1299 2603 dis3
1335 2518 1466 2582 illis
1507 2519 1676 2581 enim
1715 2520 2088 2585 durissimas
2127 2524 2346 2603 partes

261 2620 292 2667 6
330 2602 585 2686 inponis
596 2656 613 2689 ,
657 2605 779 2668 tibi
824 2606 1162 2690 humanas3
1216 2611 1291 2671 ut
1337 2611 1412 2670 tu
1456 2608 1682 2693 prosiS,
1726 2609 1792 2672 di
1836 2610 2182 2674 nocebunt.
2275 2606 2347 2673 Si
2375 2636 2437 2675 ao

419 2852 424 2857 .
505 2815 533 2861 1
566 2812 775 2879 possim
813 2818 856 2865 G
888 2831 1108 2882 possem
1146 2822 1183 2869 0
1230 2819 1247 2885 11
1291 2822 1327 2869 2
1364 2815 1450 2869 tui
1486 2830 1554 2869 eoe
1586 2817 1652 2867 tu
1687 2821 1735 2868 N
1779 2820 1798 2886 11
1845 2823 1876 2870 5
1915 2835 2081 2887 opem
2116 2818 2236 2872 ind.
2273 2818 2350 2871 ΠΙ

332 2894 437 2946 ope
472 2882 572 2945 tua.
607 2889 640 2934 Β
684 2885 702 2951 11
748 2889 780 2936 6
815 2884 921 2937 hoc
955 2885 1043 2938 illi
1078 2888 1296 2941 contrifi
1335 2888 1422 2940 est
1459 2891 1490 2937 8
1533 2885 1553 2952 11
1597 2891 1628 2937 7
1669 2903 1928 2943 succurre
1965 2894 2008 2941 G
2049 2894 2057 2959 1
2099 2895 2227 2959 post
2259 2888 2352 2942 illi

335 2953 369 3002 5
406 2956 504 3003 aut
524 2956 576 3029 ‘6
621 2954 720 3006 litt.
760 2970 893 3007 erae.
930 2956 994 3008 in
1027 2962 1075 3009 Ν
1132 2960 1141 3028 1
1199 2957 1299 3012 sed
1338 2955 1520 3027 <solvi
1568 2954 1785 3026 debito;
1830 2960 2004 3027 nam>
2043 2978 2085 3014 e.
2131 2961 2296 3015 Gertz
2345 2962 2352 3031 1

334 3023 397 3070 14
430 3021 647 3075 ratlone
681 3028 783 3075 Mt
828 3025 835 3093 1
879 3040 979 3093 per
1013 3027 1222 3081 malam
1258 3027 1534 3081 rationem
1571 3030 1662 3078 GP
1707 3031 1725 3098 11
1771 3035 1834 3083 16
1873 3028 2164 3085 amitteres
2200 3037 2298 3084 BP
2345 3032 2353 3104 1

333 3094 393 3140 18
433 3089 703 3145 deuocare
741 3098 778 3145 0
814 3112 947 3149 corr.
986 3118 1028 3149 ω
1072 3099 1091 3166 11
1135 3104 1205 3151 22
1242 3097 1472 3153 taceant
1509 3099 1552 3146 G
1591 3097 1608 3164 11
1649 3103 1719 3150 23
1753 3108 1876 3168 post
1912 3117 2114 3170 capere
2151 3104 2354 3157 iterum

332 3159 521 3213 hostes
558 3178 655 3215 scr.
686 3168 729 3215 G
754 3166 773 3233 11
808 3170 878 3217 24
912 3166 1138 3222 uincere
1171 3169 1233 3221 in
1268 3165 1608 3235 quibusdam
1645 3169 1714 3219 G1
1741 3171 1759 3240 11
1786 3176 1854 3223 25
1889 3174 2022 3240 post
2057 3191 2126 3228 ex
2160 3176 2356 3243 potest

334 3234 382 3280 R
422 3233 439 3299 11
478 3236 546 3283 2⁷
585 3232 693 3287 tibi
728 3234 912 3289 minus
951 3241 1041 3289 GP
1072 3244 1080 3308 1
1111 3238 1199 3292 his
1239 3243 1282 3290 G

1621 3612 2576 3920 “
