2610 3920
706 194 802 249 DE
839 193 1236 250 BENEFICHS
1273 194 1407 249 LIB.
1445 194 1537 249 IV.
1576 192 1729 249 CAP.
1768 200 1906 249 2-4
2226 196 2307 260 87

469 337 813 404 Inserenda
856 339 1030 426 haec,
1073 339 1161 402 mi
1208 338 1542 424 Liberam,
1584 339 1874 426 fuerunss‚
1926 341 2077 424 quia
2121 341 2308 406 bene·
2349 363 2376 410 1
2410 356 2492 410 ΙΙΙ

293 427 536 514 ficium,
589 427 666 492 de
722 449 848 512 quo
903 449 1074 492 nunc
1127 428 1361 512 agitur,
1416 427 1564 493 dare
1610 430 1872 494 virtutis
1920 433 2017 493 est
2063 432 2129 494 et
2178 433 2311 494 tur-

293 516 630 600 pissimum
685 516 752 580 id
807 538 996 582 causa
1049 516 1246 580 ullius
1301 515 1565 582 alterius
1620 518 1712 583 rei
1768 518 1945 604 dare,
2003 539 2193 601 quam
2236 522 2311 582 ut

294 604 515 669 datum
560 605 660 669 sit.
751 603 922 670 Nam
969 605 1025 670 si
1067 605 1413 688 recipiendi
1468 627 1581 690 spe
1635 607 2089 694 tribueremus,
2142 606 2312 672 locu·

240 719 267 760 5
295 693 653 777 pletissimo
701 693 948 780 cuique,
993 715 1126 758 non
1169 693 1550 779 dignissimo
1588 694 1906 780 daremus3
1950 717 2122 760 nunc
2157 717 2309 760 vero

295 782 480 847 diviti
523 782 869 867 inportuno
914 804 1259 866 pauperem
1295 782 1731 866 praeferimus.
1804 782 1956 850 Non
1992 787 2089 849 est
2127 784 2310 849 bene·

292 871 533 955 ficium,
587 871 761 955 quod
813 870 894 935 ad
945 871 1274 936 fortunam
1329 875 1592 954 spectat.
1682 873 2045 960 Praeterea,
2100 873 2181 957 si,
2235 877 2309 937 ut
2346 890 2378 937 2

224 977 228 982 ·
289 959 757 1044 prodessemu8‚
803 959 942 1024 sola
984 981 1104 1025 nos
1151 960 1455 1024 invibaret
1501 960 1772 1048 utilitas,
1815 961 2077 1026 minime
2124 962 2310 1026 bene·

290 1047 436 1113 ficia
480 1048 863 1112 distribuere
909 1047 1239 1133 deberent,
1294 1049 1407 1132 qui
1450 1049 1753 1114 facillime
1796 1053 2087 1136 possent,
2140 1050 2310 1114 locu—

209 1163 264 1203 ιο
290 1136 496 1221 plebes
542 1140 608 1200 et
651 1140 950 1221 potentes
994 1140 1061 1200 et
1105 1158 1289 1222 reges
1338 1137 1544 1202 aliena
1582 1159 1702 1222 ope
1742 1160 1876 1203 non
1920 1138 2309 1224 indigentes3

293 1225 357 1288 di
391 1246 544 1290 vero
589 1228 691 1290 tob
734 1247 1017 1312 munera,
1062 1247 1226 1309 quae
1271 1226 1409 1290 sine
1454 1226 1930 1292 intermissione
1966 1226 2192 1292 diebus
2238 1249 2311 1292 ac

290 1312 589 1378 nocssibus
650 1312 955 1398 fundunt,
1014 1335 1148 1378 non
1211 1313 1462 1400 darent3
1534 1314 1604 1379 in
1666 1317 1882 1381 omnia
1944 1316 2115 1380 enim
2176 1315 2307 1380 illis

290 1405 522 1466 natura
568 1422 684 1466 sua
733 1402 971 1466 sufficit
1022 1402 1376 1487 plenosque
1431 1407 1497 1468 ct
1550 1407 1728 1469 tutos
1784 1408 1848 1469 et
1903 1404 2307 1470 inviolabiles

287 1493 603 1574 praestat3
655 1490 819 1556 nulli
875 1511 1028 1576 ergo
1083 1490 1465 1556 beneficium
1511 1492 1780 1579 dabunt,
1836 1494 1891 1558 si
1946 1515 2074 1558 una
2118 1493 2307 1557 dandi

208 1603 262 1646 ιε,
291 1599 482 1644 causa
537 1582 635 1644 est
681 1601 748 1643 se
803 1579 1042 1644 intueri
1087 1601 1159 1644 ac
1205 1601 1393 1644 suum
1438 1581 1859 1647 commodum.
1948 1579 2134 1646 Istud
2176 1604 2310 1646 non

289 1667 684 1753 beneficium,
722 1667 833 1732 sed
861 1667 1048 1732 fenus
1077 1672 1176 1732 est
1213 1669 1712 1756 circumspicere,
1749 1692 1879 1735 non
1914 1669 2028 1734 ubi
2066 1671 2307 1754 optime

290 1777 510 1840 ponas,
555 1755 668 1822 sed
712 1756 826 1821 ubi
873 1757 1434 1840 quaestuosissime
1477 1758 1741 1844 habeas,
1798 1759 1961 1824 unde
2006 1759 2307 1823 facillime

290 1845 500 1910 tollas.
591 1844 774 1921 Quod
819 1866 964 1909 cum
1007 1845 1198 1930 longe
1245 1869 1284 1911 a
1329 1845 1425 1910 dis
1472 1850 1791 1912 remotum
1837 1847 1948 1933 sit,
1997 1847 2307 1933 sequilzur,

289 1937 363 1999 ut
416 1933 782 2000 inliberales
838 1933 995 2020 sint3
1047 1955 1198 1999 nam
1255 1933 1310 1999 si
1355 1955 1484 2000 una
1536 1935 1828 2001 beneficii
1873 1935 2064 2001 dandi
2118 1957 2307 2001 causa

209 2050 264 2089 20
293 2022 380 2086 sit
435 2022 644 2087 dantis
699 2023 977 2110 utilitas,
1029 2023 1210 2088 nulla
1263 2027 1479 2089 autem
1535 2047 1611 2089 ex
1655 2025 1847 2090 nobis
1892 2025 2141 2090 utilitas
2188 2025 2305 2092 deo

291 2112 602 2195 speranda
647 2117 765 2200 cst,
807 2112 988 2177 nulla
1033 2112 1150 2176 deo
1197 2112 1389 2177 dandi
1437 2113 1731 2178 beneficii
1777 2135 1967 2179 causa
2012 2117 2127 2179 est.

467 2196 631 2288 Seio,
677 2200 830 2285 quid
865 2201 987 2265 hoc
1022 2200 1163 2265 loco
1199 2202 1684 2285 respondealzur:
1728 2200 2159 2290 „Itaque'ssnon
2194 2203 2303 2267 dat

287 2288 442 2352 deus
489 2287 808 2372 beneficia,
856 2289 966 2355 sed
1006 2312 1264 2355 securus
1302 2294 1369 2355 et
1402 2292 1738 2377 neclegens
1775 2292 2002 2377 nostri,
2046 2312 2304 2356 aversus

289 2398 326 2441 a
362 2376 602 2441 mundo
640 2376 814 2442 aliud
849 2379 988 2465 agit
1024 2382 1152 2463 aut,
1199 2400 1361 2463 quae
1396 2379 1677 2445 maxima
1711 2378 1991 2464 Epicuro
2028 2380 2303 2445 felicitas

207 2490 261 2533 ιε
288 2464 570 2552 videbun
632 2465 796 2529 nihil
853 2468 1015 2554 agit,
1078 2489 1196 2533 nec
1248 2468 1457 2553 magis
1511 2468 1693 2533 illum
1749 2467 2057 2534 beneficia
2110 2490 2303 2552 quam

286 2553 559 2619 iniuriae
621 2555 953 2639 tanguntf‘
1048 2555 1191 2620 Hoc
1244 2557 1357 2641 qui
1412 2556 1592 2641 dicit,
1652 2578 1784 2621 non
1844 2556 2101 2621 exaudit
2162 2579 2302 2641 pre-

285 2644 569 2708 cantium
612 2664 800 2708 voces
847 2647 912 2708 et
955 2643 1236 2729 undique
1283 2644 1557 2710 sublatis
1600 2646 1671 2710 in
1714 2645 1959 2710 caelum
2002 2645 2300 2709 manibus

461 2859 532 2907 24
569 2852 732 2922 Epic.
770 2852 843 2919 fr.
883 2856 992 2909 364
1036 2854 1124 2909 σε.

460 3055 488 3102 1
522 3047 603 3102 mi
639 3065 670 3102 o
707 3047 806 3103 lib.
845 3055 899 3102 Π
943 3048 1082 3103 mihi
1116 3047 1215 3103 lib.
1253 3050 1329 3101 ΠΙ
1373 3051 1393 3119 11
1438 3054 1469 3103 3
1506 3048 1659 3104 illius
1694 3050 1846 3103 10'11’1
1890 3052 1899 3121 1
1947 3049 2043 3105 ull.
2084 3051 2181 3105 alt.
2219 3050 2301 3106 rei

186 3162 192 3167 .
282 3134 454 3173 causa
503 3119 718 3189 Siesbyc
770 3124 789 3190 11
841 3125 877 3173 4
929 3136 1026 3189 spe
1039 3119 1191 3193 sssssll
1229 3120 1361 3174 trib.
1399 3126 1447 3173 Π
1500 3126 1519 3190 11
1572 3126 1606 3175 6
1653 3120 1949 3195 (bonum)
1997 3137 2299 3192 pauperem

286 3190 448 3245 Gertz
505 3195 514 3258 1
571 3190 951 3259 praeferamus
989 3196 1030 3245 0
1078 3207 1212 3247 corr.
1252 3212 1295 3245 ω
1343 3192 1657 3261 praeferam
1706 3193 1863 3248 (ἔνιά.
1920 3195 1939 3263 11
1993 3198 2027 3245 9
2066 3197 2301 3263 possunt

282 3260 438 3317 Koch
463 3262 483 3330 ΙΙ
509 3266 571 3314 18
607 3260 935 3316 inuiolauile
960 3267 1008 3314 Π
1045 3280 1070 3315 s
1099 3262 1226 3317 add.
1254 3262 1333 3314 n’
1357 3265 1376 3333 11
1402 3268 1465 3316 14
1493 3262 1681 3317 danda
1707 3270 1748 3317 P
1776 3280 1875 3320 om.
1906 3269 1949 3316 G
1974 3265 1993 3333 11
2020 3269 2083 3318 16
2108 3264 2300 3319 fenum

279 3333 355 3383 Nl
380 3334 398 3401 11
425 3338 490 3385 10
525 3330 648 3385 utin
683 3332 944 3388 liberales
981 3336 1062 3403 (es
1100 3351 1166 3388 ex
1201 3333 1271 3403 is)
1305 3339 1355 3386 R
1390 3333 1476 3388 uti
1511 3334 1773 3388 liberales
1809 3341 1850 3388 P
1880 3336 1889 3405 1
1919 3334 2192 3389 beneficia
2228 3334 2299 3387 8¹

279 3400 612 3456 beneficium
646 3409 700 3456 Π
749 3404 756 3475 1
807 3421 851 3459 c.
891 3407 977 3458 est
1014 3405 1134 3475 My.
1188 3405 1207 3474 11
1259 3410 1331 3457 20
1369 3405 1555 3459 dantis
1595 3411 1637 3458 G
1684 3405 1831 3460 datis
1868 3411 1917 3458 Π
1966 3405 2085 3460 dati
2121 3405 2244 3459 11²0
2280 3405 2299 3475 ΙΙ

281 3477 351 3525 22
387 3472 472 3527 ita
505 3490 618 3527 non
653 3480 707 3527 Π
742 3477 760 3544 11
795 3480 866 3529 2³
903 3475 1170 3529 aduersus
1206 3476 1280 3528 ΠΙ
1308 3478 1327 3545 11
1362 3481 1433 3529 24
1468 3475 1676 3530 maxim
1710 3477 1783 3529 ΠΙ
1818 3480 1836 3548 11
1871 3482 1941 3529 26
1976 3476 2097 3530 Hoc
2133 3473 2297 3529 dicit:

280 3559 394 3596 non
433 3543 654 3599 Gronov
683 3547 692 3617 1
723 3544 1078 3615 peccantium
1114 3552 1157 3599 G

2345 1599 2377 1647 3

2343 2218 2481 2272 lIV
