2610 3920
266 148 447 205 XVIII
1077 144 1487 199 PRAEFATIO

288 301 399 374 263
434 298 544 370 283
577 298 657 356 29
705 298 864 354 recte
913 295 1252 353 emendavit
1301 297 1565 369 uiaeissei,
1620 297 1838 371 fracia,
1892 297 2147 370 natauit,
2205 298 2311 356 sed

286 386 567 461 proditur
611 385 843 444 falsarii
888 403 1099 443 manus
1145 383 1381 443 novicia
1427 385 1719 461 extemplo
1765 386 1828 442 in
1873 393 2309 462 succurrerunt3

283 476 364 534 sic
419 477 562 549 111,
595 476 675 532 27
724 474 788 531 in
836 473 1132 533 communi
1176 473 1342 531 fonte
1388 473 1675 531 librorum
1712 478 1834 534 GP
1880 467 2105 555 (exstat
2150 476 2308 534 enim

271 564 458 625 etiam
514 564 577 621 in
623 554 706 643 F>
766 581 874 638 pro
941 565 1152 621 inertes
1210 562 1463 637 proclivi
1524 563 1625 620 sed
1688 562 1911 622 absona
1974 563 2307 623 mutatione

278 670 498 711 merces
542 651 878 728 legebatur,
927 651 1084 725 quod
1131 670 1262 708 cum
1308 651 1653 727 intellegere
1696 670 1815 710 non
1850 654 2079 727 posset,
2124 652 2307 712 inter-

265 742 532 816 polator
566 740 669 799 ille
697 740 878 799 verbo
909 739 1069 815 quod
1103 740 1376 813 sequitur
1407 743 1698 798 ‘maiorum
1736 740 2022 799 adductus
2058 744 2309 802 minores

285 830 434 889 satis
495 828 858 889 confidenter
916 830 1160 887 civitate
1220 828 1483 887 donavit.
1575 828 1785 903 Itaque
1845 849 1918 887 ne
1977 830 2039 886 in
2090 832 2123 887 1
2138 833 2303 907 7,19

284 920 475 978 deleat
519 918 760 995 quidem
807 918 1061 977 Senecae
1107 935 1348 976 manum
1398 935 1781 994 agnoscemus
1826 938 1932 975 nec
1977 919 2040 975 in
2090 920 2190 995 23,
2221 923 2306 981 20

276 1010 686 1081 uicturumque
735 1008 837 1081 26,
869 1008 949 1064 24
997 1023 1058 1065 se
1102 1006 1327 1065 dedisse
1370 1009 1432 1064 et
1478 1015 1629 1082 quae
1678 1007 1799 1065 alia
1844 1026 2003 1067 nova
2060 1008 2307 1068 intrusit

287 1098 437 1175 5,3;
489 1099 547 1170 9,
570 1097 682 1170 23,
733 1097 966 1169 19,21;
1015 1096 1206 1170 30,9;
1245 1096 1439 1172 44,4;
1480 1098 1713 1171 69‚16.;
1756 1099 1988 1172 92,10;
2030 1099 2175 1173 109,
2197 1100 2305 1171 29,

288 1188 436 1261 115,
467 1186 580 1259 233
650 1185 937 1259 117‚24;
1007 1184 1149 1258 142,
1184 1186 1292 1257 1ος
1362 1186 1508 1258 159,
1539 1187 1647 1261 243
1718 1186 1861 1259 160,
1906 1189 1985 1244 12
2054 1186 2305 1262 aliisque

278 1274 491 1332 multis
555 1273 718 1332 locis.
825 1272 1043 1348 Itaque
1101 1272 1204 1330 ubi
1266 1273 1431 1332 illius
1494 1274 1811 1332 lectionem
1874 1275 2305 1351 amplectimur,

269 1366 479 1424 utrum
517 1362 714 1421 virum
760 1363 1071 1420 emunctae
1118 1362 1280 1421 naris
1327 1364 1389 1420 et
1433 1362 1733 1420 interdum
1771 1381 1958 1437 paene
1992 1364 2302 1441 philologi

275 1452 518 1513 nomine
565 1451 814 1529 dignum
859 1468 1179 1525 sequamur
1224 1469 1300 1508 an
1349 1450 1656 1525 archetypi
1703 1450 2017 1509 lectionem
2063 1452 2302 1511 invene-

271 1542 483 1616 rimus»,
530 1560 649 1599 non
696 1557 927 1615 semper
970 1538 1147 1598 facile
1195 1538 1311 1597 erit
1355 1538 1697 1598 diiudicatu.

345 1660 348 1663 ⁴
437 1630 785 1687 *Maximam
811 1646 952 1687 vero
987 1628 1427 1703 corruptionem
1463 1627 1558 1684 vel
1596 1626 1646 1684 si
1681 1627 1872 1685 mavis
1908 1626 2302 1685 mutationem

279 1721 588 1793 expertum
655 1718 744 1775 est
787 1716 1048 1775 Parisini
1094 1720 1139 1775 S
1180 1715 1555 1792 florilegium.
1646 1715 1802 1773 Nam
1864 1734 1982 1773 non
2027 1716 2211 1774 modo:
2247 1716 2299 1773 is

274 1807 381 1882 qui
429 1806 747 1881 excerpsit,
806 1808 876 1863 ut
922 1805 1247 1863 sententias
1295 1825 1326 1863 e
1373 1823 1598 1863 conexu
1643 1804 1870 1863 solutas
1916 1824 2022 1879 per
2065 1821 2125 1862 se
2171 1806 2299 1863 red—

275 1896 445 1953 deret
488 1894 850 1970 perspicuaS,
895 1894 1076 1953 verba
1123 1894 1341 1968 omisit,
1387 1892 1775 1968 transposuit,
1821 1892 2118 1951 disiuncta
2164 1912 2300 1951 con-

273 1985 495 2058 iunxit,
543 1984 643 2041 sed
704 1985 885 2042 etiam
932 2003 1051 2042 non
1103 2004 1288 2059 aeque
1352 1985 1661 2042 excusatus
1710 1982 2054 2041 audaciores
2103 1987 2297 2042 muta-

268 2074 465 2132 tiones
500 2073 776 2131 inducere
814 2091 930 2131 non
970 2073 1196 2132 veritus
1234 2074 1343 2146 est,
1378 2073 1451 2131 ut
1488 2074 1548 2146 4,
1571 2073 1650 2130 26
1690 2073 1929 2130 solatur.
2002 2072 2299 2146 Maynwm

259 2167 358 2221 -est
403 2164 555 2220 enim
602 2163 878 2233 beneficia
922 2163 1066 2220 dare
1113 2165 1284 2220 eiiam
1330 2164 1384 2220 si
1426 2162 1656 2219 nullum
1689 2163 1950 2234 positum
1996 2165 2079 2220 est
2120 2162 2299 2221 nichil

268 2251 468 2324 aptius
507 2253 603 2308 est.
675 2251 844 2309 mad
883 2253 1034 2309 enim
1073 2255 1155 2310 est
1195 2251 1419 2323 falsum
1468 2251 1524 2325 6,
1555 2251 1639 2310 20
1676 2250 1819 2308 Ideo
1864 2251 2115 2309 ridentes
2160 2253 2300 2324 quia

254 2341 718 2414 promerentium
751 2341 952 2398 uultus
987 2340 1196 2400 hilaris
1210 2332 1262 2420 ¹)
1309 2343 1447 2398 sunt
1482 2343 1535 2398 et
1568 2341 1669 2412 qui
1704 2339 1850 2397 dant
1883 2340 1972 2397 vel
2008 2335 2301 2414 accipiunt

260 2429 328 2504 8,
352 2430 433 2486 22
465 2429 710 2487 dicenda
747 2432 831 2486 est
864 2445 960 2486 res
998 2431 1050 2486 et
1074 2429 1197 2487 ord.
1229 2429 1288 2502 8,
1311 2430 1391 2486 27
1424 2430 1681 2501 accipere
1705 2443 1813 2486 nec
1838 2429 2035 2488 minus
2063 2430 2301 2488 libenter

276 2518 377 2590 14,
408 2519 490 2575 24
527 2517 857 2591 plwriwmm
902 2519 1093 2576 meriti
1140 2509 1282 2598 (sic)
1329 2520 1645 2591 sumpsisse
1688 2519 1881 2576 uirtus
1939 2518 2041 2591 23,
2073 2519 2108 2577 3
2158 2521 2300 2590 opti-

265 2624 540 2680 mumque
601 2611 683 2665 est
740 2609 873 2665 ant..
922 2607 1274 2666 desideriwm
1336 2611 1387 2664 et
1434 2609 1595 2679 sequi
1641 2606 1791 2664 illud
1845 2610 2038 2665 tamen
2090 2607 2299 2664 mebe‘us

270 2698 354 2752 est
411 2712 695 2768 occupare
759 2696 859 2771 23,
892 2697 972 2753 22
1019 2696 1416 2754 intercidenda
1462 2700 1621 2753 sunt.
1702 2693 1817 2753 Sed
1860 2713 1933 2754 ne
1988 2696 2299 2754 uideamur

272 2785 462 2856 royati
528 2785 631 2842 sed
694 2785 796 2857 25,
830 2785 907 2843 16
947 2786 1274 2858 promissa,
1334 2787 1401 2842 ut
1455 2801 1529 2842 ne
1585 2786 1777 2842 minor
1834 2785 1911 2842 sit
1962 2803 2010 2840 r.
2067 2787 2102 2840 t.
2150 2800 2200 2854 q.
2248 2800 2297 2840 r.

249 2941 256 2945 Δ
257 2874 514 2944 potentie
548 2877 902 2944 potestatum
944 2875 1200 2932 ministri
1248 2875 1349 2946 25,
1381 2875 1458 2931 21
1502 2890 1683 2946 quare
1726 2889 1933 2930 uerum
1974 2875 2057 2930 est
2107 2874 2300 2929 tamen

269 2964 322 3017 te
353 2961 584 3033 ⁴cratiae
620 2962 844 3019 demere
883 2962 986 3036 64,
1020 2962 1098 3020 25
1138 2963 1392 3020 illustres
1427 2963 1697 3020 mulieres
1735 2977 1921 3018 annos
1954 2961 2300 3019 maritorwm

271 3052 603 3121 computant
657 3049 760 3122 81,
791 3051 828 3106 8
879 3051 1215 3123 beneficimn
1271 3052 1483 3124 accipit
1535 3067 1645 3123 quo
1709 3051 1897 3122 mayis
1956 3066 2017 3107 eo
2082 3049 2303 3122 indiyet

262 3139 464 3195 ‚maius
502 3139 724 3212 accipit.
795 3139 875 3196 M
871 3140 999 3212 a9is
1036 3143 1230 3198 amem
1262 3140 1483 3213 indiyet
1530 3142 1561 3196 1
1574 3139 1675 3212 16,
1709 3139 1789 3196 10
1828 3139 2093 3211 comperi,
2132 3155 2299 3210 quem

251 3297 255 3301 Ι
260 3227 440 3300 prius
478 3227 692 3285 bonum
727 3231 780 3284 et
805 3220 1098 3305 ſjsyratum
1121 3227 1451 3302 putabam?
1516 3227 1681 3300 Quod
1716 3231 1837 3284 tam
1872 3226 2045 3298 diyno
2082 3226 2300 3284 dabam

281 3317 426 3396 11:6⁷
460 3316 540 3373 28
578 3315 644 3374 Si
687 3334 970 3390 maynum
1013 3321 1095 3374 est
1135 3335 1377 3384 mimus,
1423 3333 1541 3375 non
1576 3320 1804 3390 tantum
1838 3315 1991 3387 quod
2042 3315 2187 3387 149,
2216 3315 2297 3373 28

450 3486 455 3491 ’
486 3488 665 3572 1->-'Sio
702 3521 772 3556 m.
807 3509 853 3572 1,
891 3505 1090 3558 hilares
1124 3522 1195 3558 m.
1227 3510 1274 3556 2.
