2610 3920
354 16 615 101 accepit,
660 17 772 100 qui
818 20 883 80 et
930 37 1178 101 semper
1224 16 1438 80 daturi
1485 21 1634 82 sunt
1679 20 1744 80 et
1777 37 2130 100 numquam
2167 37 2378 100 recep-

282 121 314 170 8
353 104 531 169 turi‘?
603 108 844 188 quanta
914 108 1129 169 autem
1201 105 1588 189 perversitas
1661 106 1744 170 ob
1807 104 1930 170 hoc
1993 104 2185 169 alicui
2247 127 2377 169 non

352 193 598 278 debere,
644 194 797 277 quia
832 193 1028 258 etiam
1061 193 1372 258 infitianti
1416 194 1734 279 benignus
1773 197 1890 279 est,
1935 198 1999 258 et
2047 193 2376 259 continua-

352 283 597 347 tionem
642 283 849 366 ipsam
896 282 1251 366 seriemque
1287 282 1743 348 beneficiorum
1781 287 2236 368 argumentum
2272 304 2374 346 vo-

352 391 495 436 care
537 372 895 436 necessario
942 371 1181 436 dantis!
1254 370 1490 455 „Nolol
1537 372 1664 436 sibi
1697 371 1960 436 habeat!
2008 371 2152 456 quis
2190 371 2375 435 illum
2419 395 2438 436 5
2520 441 2521 448 χ

352 464 541 546 rogat
550 460 621 525 ‘?“
664 464 731 524 et
768 481 987 524 omnes
1032 460 1191 524 alias
1238 460 1611 545 inpudentis
1649 461 1846 526 animi
1882 482 2072 526 voces
2118 460 2228 525 his
2275 460 2374 524 ad-

310 594 315 599 ·
353 553 553 615 strue:
590 571 721 614 non
746 548 889 614 ideo
918 549 993 613 de
1030 553 1095 613 te
1132 549 1344 612 minus
1381 553 1663 614 meretur
1693 550 1768 634 is,
1805 549 1986 614 cuius
2013 549 2372 614 liberalitas

352 639 431 702 ad
458 642 523 702 te
550 639 761 724 etiam,
799 638 949 702 dum
974 659 1193 724 negas,
1227 639 1538 722 pervenit,
1575 639 1880 722 cuiusque
1917 638 2371 703 beneficiorum

350 727 453 792 vel
486 727 611 792 hoc
646 728 996 792 maximum
1032 731 1149 810 est,
1187 727 1362 811 quod
1399 728 1594 792 etiam
1622 727 1915 811 querenti
1951 727 2224 791 daturus
2263 729 2370 790 est.

136 825 319 884 XXIV
349 833 376 880 1
532 815 684 881 Non
726 815 925 901 vides,
974 815 1507 900 quemadmodum
1552 820 1836 880 teneram
1880 816 2240 880 liberorum
2283 815 2370 878 in-
2393 840 2434 878 10

348 905 619 969 fantiam
672 910 966 988 parentes
1022 905 1101 968 ad
1156 904 1512 970 salubrium
1565 926 1781 970 rerum
1834 905 2222 989 patientiam
2275 925 2370 968 co-

351 995 551 1080 gant?
653 992 985 1075 >Flentium
1046 1015 1315 1078 corpora
1377 1015 1452 1058 ac
1513 993 2012 1078 repugnantium
2074 990 2370 1078 diligenti

349 1104 500 1146 cura
562 1082 785 1147 fovent
837 1086 927 1166 et,
987 1103 1069 1146 ne
1122 1083 1412 1146 membra
1464 1082 1732 1146 libertas
1785 1082 2110 1146 inmatura
2167 1083 2369 1146 detor-

352 1175 559 1255 queat,
603 1171 672 1234 in
716 1174 964 1235 rectum
1010 1171 1261 1235 exitura
1296 1171 1753 1255 constringunt
1789 1174 1855 1234 et
1890 1193 2041 1235 mox
2077 1170 2369 1235 liberalia

350 1261 562 1325 studia
589 1260 912 1326 inculcant
938 1259 1057 1324 adh
1066 1259 1229 1324 ibito
1258 1261 1488 1324 timore
1514 1259 1911 1345 nolentibus;
1949 1259 2029 1324 ad
2063 1260 2366 1324 ultimum
2389 1280 2430 1320 15

348 1349 648 1414 audacem
691 1350 1018 1413 iuventam
1072 1348 1463 1434 frugalitati,
1515 1348 1774 1434 pudori,
1825 1348 2118 1412 moribus
2167 1347 2368 1430 boniS,
2520 1345 2521 1360 ¹

278 1455 308 1500 2
350 1439 406 1502 si
450 1461 676 1522 parum
724 1439 1031 1521 sequitur,
1078 1441 1363 1502 coactam
1409 1438 1748 1522 adplicant.
1828 1436 2364 1502 Adulescentibus

350 1547 601 1610 quoque
656 1547 729 1590 ac
782 1526 911 1590 iam
964 1527 1337 1611 potentibus
1395 1527 1523 1610 sui,
1583 1527 1639 1590 si
1691 1526 1969 1590 remedia
2023 1530 2206 1592 metu
2261 1526 2366 1588 aut

346 1615 843 1698 intemperantia
886 1615 1175 1700 reiciunt,
1211 1615 1310 1680 vis
1357 1615 1698 1679 adhibetur
1735 1637 1808 1679 ac
1845 1615 2172 1680 severitas.
2246 1611 2365 1677 Ita-

348 1725 472 1786 que
542 1703 995 1768 beneficiorum
1065 1703 1346 1768 maxima
1409 1707 1587 1788 sunt,
1661 1726 1822 1788 quae
1885 1727 1922 1768 a
1983 1703 2362 1788 parentibus
2387 1723 2428 1762 πο

346 1792 723 1878 accepimus,
767 1792 916 1857 dum
962 1797 1075 1858 aut
1118 1793 1438 1857 nescimus
1487 1797 1598 1857 aut
1643 1793 1960 1858 nolumus

134 1890 292 1944 XXV
321 1897 349 1943 1
522 1879 645 1944 His
688 1881 965 1967 ingratis
1012 1885 1075 1946 et
1122 1882 1610 1966 repudiantibus
1653 1882 1986 1967 beneficia,
2035 1903 2173 1946 non
2219 1878 2360 1966 quia

347 1970 596 2057 nolunt,
642 1971 753 2034 sed
795 1993 875 2035 ne
922 1972 1217 2057 debeant,
1264 1972 1506 2036 similes
1553 1975 1706 2036 sunt
1751 1994 1828 2035 ex
1874 1971 2124 2035 diverso
2171 1968 2360 2035 nimis

345 2060 533 2145 grati,
580 2061 693 2143 qui
738 2060 982 2144 aliquid
1024 2060 1411 2125 incommodi
1455 2061 1700 2146 precari
1745 2060 1956 2124 solent
1991 2060 2090 2146 118,
2130 2058 2360 2144 quibus
2520 2138 2521 2145 ἵ

345 2148 617 2234 obligati
664 2152 831 2231 sunt,
878 2149 1120 2233 aliquid
1166 2149 1433 2233 adversi,
1476 2148 1548 2213 in
1588 2170 1715 2233 quo
1765 2148 2083 2212 adfectum
2129 2166 2358 2213 memo·
2382 2164 2424 2205 25
2520 2146 2521 2161 ²

282 2254 311 2301 2
346 2260 480 2302 rem
526 2238 768 2321 accepti
814 2238 1105 2301 beneficii
1152 2238 1526 2322 adprobent.
1599 2236 1706 2301 An
1739 2238 1864 2302 hoc
1907 2240 2077 2301 recte
2123 2235 2358 2301 faciant
2520 2250 2521 2261 ¹

344 2330 411 2390 et
455 2326 561 2411 pia
596 2328 945 2411 voluntate,
992 2326 1349 2410 quaeritur3
1397 2348 1670 2410 quorum
1705 2326 1955 2390 animus
1995 2326 2358 2390 simillimus

345 2419 443 2479 est
489 2438 687 2500 pravo
736 2437 948 2481 amore
994 2414 1438 2501 flagrantibuS‚
1485 2415 1598 2498 qui
1643 2415 1884 2479 amicae
1930 2436 2081 2479 suae
2129 2412 2356 2499 optant

346 2504 623 2587 exilium,
666 2508 742 2568 ut
789 2504 1103 2569 desertam
1158 2503 1637 2588 fugientemque
1682 2504 2085 2587 comitentur,
2135 2501 2356 2588 optant
2520 2552 2521 2561 ,

343 2592 646 2678 inopiam,
688 2596 763 2657 ut
807 2594 1015 2678 magis
1054 2592 1438 2657 desideranti
1475 2592 1729 2677 donent,
1775 2595 2003 2676 optant
2039 2592 2350 2668 morbum,
2377 2606 2420 2647 ³⁰

344 2684 419 2744 ut
473 2681 827 2768 adsideant‚
881 2685 973 2767 et,
1028 2680 1338 2765 quidquid
1393 2680 1690 2771 inimicus
1738 2684 2016 2768 optaret,
2072 2681 2352 2745 amantes

520 2949 548 2996 1
586 2943 794 3013 accipit
819 2964 861 2997 ω
888 2946 907 3014 ΙΙ
934 2950 969 2997 4
1000 2943 1333 3000 beneficium
1359 2948 1454 2997 BP
1481 2946 1499 3013 ΙΙ
1528 2948 1559 2995 5
1589 2942 1792 2997 dandis
1820 2944 1888 2996 (³¹
1914 2946 1934 3013 ΙΙ
1959 2949 1994 2997 6
2021 2942 2350 3013 inpudentes

342 3016 417 3068 Νι
442 3016 461 3085 ΙΙ
488 3020 551 3068 12
585 3014 877 3080 fluentium
906 3020 948 3068 G
974 3017 992 3085 ΙΙ
1018 3022 1079 3068 18
1110 3016 1289 3069 aciem
1313 3017 1429 3085 pot.
1459 3014 1534 3067 Νι
1559 3016 1577 3083 ΙΙ
1604 3019 1668 3066 19
1701 3014 1790 3068 ius
1820 3014 1947 3069 adh.
1977 3020 2017 3067 P
2049 3018 2058 3084 Ι
2089 3009 2350 3070 severitas

343 3087 501 3142 Koch
536 3085 776 3140 seruitus
815 3092 853 3139 0
898 3089 917 3157 ΙΙ
960 3092 1023 3139 21
1061 3086 1366 3155 accipimus
1404 3091 1447 3138 G
1489 3087 1508 3154 11
1552 3090 1624 3137 24
1657 3083 1748 3138 his
1785 3091 1918 3139 GPS
1957 3089 1978 3155 ΙΙ
2021 3091 2091 3139 25
2131 3082 2352 3139 adfectu

344 3157 455 3229 (aff.
494 3161 555 3229 P)
582 3156 759 3210 1³¹3?
784 3159 803 3227 ΙΙ
830 3162 901 3210 26
936 3157 1153 3212 faciunt
1180 3164 1213 3210 Β
1240 3160 1259 3227 ΙΙ
1285 3163 1352 3210 27
1390 3156 1591 3209 animis
1618 3156 1691 3208 13¹
1717 3158 1736 3225 ss
1761 3162 1830 3209 28
1869 3156 1970 3226 qui
2005 3155 2259 3211 amicicie
2287 3156 2316 3203 S
2333 3148 2350 3218 ΙΙ

341 3236 412 3283 29
448 3228 972 3300 confugientemque
1010 3236 1043 3282 Β
1086 3230 1105 3298 ΙΙ
1151 3233 1221 3280 30
1256 3231 1322 3281 ut
1357 3244 1458 3283 om.
1496 3227 1571 3279 Νι
1619 3228 1628 3297 Ι
1678 3226 2036 3283 desiderandi
2072 3228 2147 3281 Νι

891 3580 2522 3920 ,Ἶ-
