2610 3920
386 178 511 242 122
1018 181 1077 234 L.
1115 179 1400 234 ANNAEI
1437 181 1762 269 SENECAE

376 345 581 407 usque
618 345 692 387 eo
732 323 882 388 abes
922 324 1002 388 ab
1041 325 1217 389 omni
1262 325 1622 410 iactatione,
1667 348 1871 411 usque
1917 348 1990 390 eo
2039 325 2272 390 statim
2312 326 2436 391 vis
2513 387 2520 391 .

379 432 737 496 exonerare,
785 435 945 497 quos
994 413 1273 498 obligaS,
1319 417 1412 500 ut,
1459 415 1770 498 quidquid
1814 416 1883 479 in
1927 415 2210 499 aliquem
2261 437 2436 480 con-

377 500 535 582 fers,
580 500 739 564 velis
784 501 983 565 videri
1040 505 1172 566 non
1224 505 1578 588 praestare,
1633 504 1744 568 sed
1789 504 2072 590 reddere,
2127 503 2430 588 ideoque

372 589 624 672 plenius
670 590 750 653 ad
794 593 858 654 te
904 591 995 655 sic
1040 590 1189 654 data
1233 595 1662 677 revertentur3
1714 614 1866 656 nam
1919 593 2050 656 fere
2095 597 2428 657 secuntur

374 678 680 742 beneficia
714 700 848 743 non
883 683 1318 763 reposcentem
1355 683 1438 765 et,
1478 684 1552 744 ut
1589 681 1796 765 gloria
1831 681 2150 764 fugientes
2189 680 2424 764 magis
2489 707 2516 747 5

373 766 683 853 sequitur,
728 767 819 831 ita
855 767 1103 833 fructus
1141 768 1596 833 beneficiorum
1631 771 1878 854 gratius
1915 771 2000 834 iis
2035 769 2420 853 respondet,

304 873 335 918 5
372 877 486 938 per
532 877 693 940 quos
750 879 887 922 esse
944 857 1138 920 etiam
1190 857 1466 943 ingratis
1520 856 1685 922 licet.
1775 857 1897 923 Per
1941 861 2007 922 te
2052 879 2205 923 vero
2267 879 2420 922 non

372 947 471 1008 est
514 966 722 1032 mora,
777 967 904 1029 quo
950 945 1161 1010 minus
1215 945 1548 1032 beneficia,
1602 946 1714 1029 qui
1753 947 2164 1032 acceperunt,
2219 945 2414 1010 ultro

370 1037 681 1118 repetant,
723 1056 841 1099 nec
886 1034 1209 1100 recusabis
1256 1033 1544 1099 conferre
1589 1035 1716 1098 alia
1760 1039 1824 1098 et
1871 1033 2230 1118 subpressis
2271 1035 2412 1098 dis-

371 1121 815 1206 simulatisque
844 1124 1029 1206 plura
1059 1145 1131 1187 ac
1158 1123 1402 1188 maiora
1429 1122 1696 1187 adicere:
1725 1124 2133 1207 propositum
2158 1123 2406 1206 optimi
2438 1150 2500 1188 10

367 1211 493 1274 viri
537 1214 601 1274 et
644 1212 926 1296 ingentis
974 1212 1169 1276 animi
1216 1216 1352 1276 tam
1397 1211 1506 1275 diu
1565 1211 1730 1276 ferre
1787 1213 2142 1297 ingratum,
2191 1212 2406 1276 donec

367 1299 591 1363 feceris
630 1303 906 1384 gratum.
975 1299 1042 1367 N
1044 1323 1113 1365 ec
1148 1305 1213 1365 te
1250 1301 1378 1364 ista
1414 1300 1594 1384 ratio,
1622 1300 1918 1386 decipiet3
1966 1299 2406 1384 succumbunt

366 1387 526 1452 vitia
578 1388 933 1453 virtutibus
943 1439 960 1472 ,
1016 1389 1072 1453 si
1125 1390 1239 1454 illa
1292 1410 1427 1454 non
1479 1389 1607 1452 cito
1665 1389 1872 1452 odisse
1925 1389 2401 1472 properaveris

260 1485 314 1539 H
344 1492 372 1540 1
544 1473 717 1540 Illud
784 1477 1009 1560 utique
1080 1477 1262 1542 unice
1335 1477 1459 1542 tibi
1530 1476 1738 1560 placet
1801 1477 1977 1542 velut
2048 1477 2400 1562 magnifice

366 1564 607 1629 dictum
652 1569 841 1648 turpe
886 1586 1024 1633 esse
1060 1566 1385 1630 beneficiis
1422 1565 1607 1630 vinci.
1683 1563 1866 1640 Quod
1903 1587 1985 1629 an
2022 1565 2109 1629 sit
2147 1588 2399 1649 verum,
2431 1590 2488 1631 15

364 1675 495 1717 non
549 1653 851 1719 inmerito
907 1655 1130 1737 quaeri
1185 1654 1376 1741 solet,
1429 1654 1747 1738 longeque
1793 1653 1967 1717 aliud
2013 1658 2138 1737 est,
2195 1676 2398 1738 quam

362 1745 576 1806 mente
622 1742 929 1827 concipis3
980 1764 1334 1826 numquam
1379 1742 1550 1806 enim
1597 1741 1666 1805 in
1709 1763 1920 1805 rerum
1967 1740 2397 1806 honestarum

365 1831 711 1895 certamine
760 1831 1045 1914 superari
1090 1835 1279 1915 turpe
1321 1835 1438 1916 est,
1485 1830 1824 1895 dummodo
1863 1852 2040 1894 arma
2074 1851 2208 1894 non
2245 1852 2398 1914 pro-

294 1935 325 1983 2
364 1919 519 1983 icias
576 1923 639 1983 et
692 1919 902 1984 victus
959 1940 1213 2005 quoque
1258 1919 1420 1985 velis
1465 1919 1732 1983 vincere.
1823 1915 1976 1983 Non
2031 1940 2254 1983 omnes
2310 1919 2396 1983 ad

290 2074 299 2085 ‚
360 2008 603 2071 bonum
639 2009 1045 2093 propositum
1082 2010 1335 2074 easdem
1373 2008 1668 2072 adferunt
1695 2008 1882 2093 vireS,
1910 2007 2163 2071 easdem
2190 2007 2394 2071 facul-
2423 2035 2480 2074 20

361 2099 547 2180 tateS,
592 2096 853 2161 eandem
898 2097 1242 2181 fortunam,
1289 2120 1452 2181 quae
1499 2096 1890 2179 optimorum
1937 2117 2192 2179 quoque
2241 2118 2390 2161 con-

362 2184 654 2248 siliorum
700 2184 1032 2250 dumtaxat
1078 2187 1287 2251 exitus
1335 2188 1674 2269 temperat3
1724 2184 2024 2248 voluntas
2069 2184 2214 2268 ipsa
2260 2206 2390 2249 rec-

359 2277 501 2336 tum
553 2277 777 2356 petens
830 2274 1146 2338 laudanda
1200 2278 1326 2361 est,
1381 2274 1575 2338 etiam
1632 2272 1687 2335 si
1743 2271 1921 2335 illam
1967 2271 2133 2336 alius
2180 2272 2387 2357 gradu

357 2361 661 2426 velociori
708 2363 1074 2427 antecessit:
1119 2384 1252 2427 non
1296 2366 1371 2426 ut
1414 2363 1485 2427 in
1529 2360 1982 2424 certaminibus
2021 2360 2101 2423 ad
2139 2366 2384 2444 specta-

358 2450 572 2515 culum
620 2451 806 2515 editis
861 2452 1191 2516 meliorem
1250 2451 1462 2534 palma
1506 2448 1812 2533 declarat,
1865 2449 2256 2532 quamquam
2314 2450 2386 2513 in
2413 2476 2468 2517 25

288 2556 319 2602 3
358 2539 489 2604 illis
537 2562 791 2625 quoque
837 2562 1025 2625 saepe
1070 2540 1450 2604 deteriorem
1494 2536 1802 2621 praetulit
1846 2556 2047 2600 casus
2122 2535 2259 2601 Ubi
2305 2537 2382 2602 de

358 2620 572 2693 officio
630 2629 872 2713 agitur,
936 2628 1108 2712 quod
1166 2632 1434 2711 uterque
1489 2649 1526 2689 a
1582 2646 1697 2689 sua
1754 2628 1935 2707 parte
1991 2646 2128 2688 esse
2186 2647 2380 2710 quam

354 2717 799 2799 plenissimum
844 2717 1022 2801 cupit
1031 2769 1048 2802 ,
1105 2716 1161 2779 si
1218 2715 1380 2779 alter
1423 2714 1569 2798 plus
1615 2712 1831 2796 potuit
1877 2716 1940 2775 et
1987 2711 2069 2775 ad
2113 2736 2379 2778 manum

355 2803 584 2869 habuit
629 2807 964 2870 materiam
1011 2804 1436 2870 sufficientem
1481 2801 1694 2865 animo
1742 2821 1879 2885 suc,
1923 2800 1974 2863 si
2013 2800 2133 2886 illi,
2181 2824 2378 2885 quan-

532 3035 560 3081 1
597 3046 663 3083 eo
699 3047 876 3099 usque
914 3037 957 3084 G
987 3030 995 3101 Ι
1028 3030 1202 3083 habes
1229 3030 1380 3081 H¹B¹
1417 3030 1424 3097 Ι
1457 3042 1635 3107 usque
1646 3025 1711 3149 {sl
1717 3025 1782 3097 sss
1795 3041 1860 3079 60
1897 3026 2018 3090 (sub
2053 3042 2165 3081 ras.
2209 3027 2284 3081 ad
2319 3034 2383 3083 ut

354 3098 485 3168 vid.)
514 3105 562 3151 R
588 3102 606 3168 ΙΙ
635 3105 666 3152 ὅ
703 3100 885 3171 magis
921 3101 1103 3170 magis
1143 3116 1255 3168 seq.
1284 3106 1327 3153 P
1354 3102 1373 3169 ΙΙ
1401 3105 1434 3152 6
1470 3098 1540 3150 iis
1578 3098 1652 3151 ad
1695 3139 1704 3151 .
1738 3096 1901 3151 Gertz
1932 3098 1942 3165 Ι
1973 3097 2272 3177 respondit
2298 3105 2335 3152 0
2363 3101 2382 3173 Η

355 3173 387 3220 7
428 3168 601 3222 etiam
637 3186 755 3223 esse
795 3176 886 3224 GP
926 3177 933 3236 Ι
974 3170 1226 3240 ingratos
1267 3178 1299 3224 ς
1348 3173 1366 3239 ΙΙ
1413 3174 1444 3221 8
1480 3184 1694 3220 moram
1729 3165 1804 3218 Nl
1837 3168 1856 3234 ΙΙ
1893 3171 1926 3218 9
1963 3168 2021 3221 et
2056 3184 2119 3219 in
2155 3185 2287 3223 ‘raso
2322 3170 2384 3225 in

354 3242 401 3290 B
435 3241 455 3309 ΙΙ
489 3244 551 3291 12
588 3243 813 3309 gratum
852 3241 969 3293 (31³³
1002 3240 1210 3295 iratum
1248 3247 1285 3294 0
1320 3242 1327 3311 Ι
1361 3237 1724 3293 succumbent
1764 3237 1925 3290 Gertz
1960 3238 1978 3305 ΙΙ
2013 3242 2076 3289 13
2114 3255 2233 3292 non
2271 3240 2380 3297 cito

356 3308 493 3363 Mrt.
532 3309 749 3364 concito
788 3316 825 3363 0
858 3315 867 3379 ι
898 3311 1314 3381 prosperaueris
1341 3310 1416 3363 Nl
1442 3312 1460 3378 ΙΙ
1487 3313 1550 3360 14
1585 3306 1780 3374 itaque
1811 3307 1974 3361 Gertz
2001 3308 2019 3375 11
2046 3310 2108 3359 1⁵
2150 3324 2276 3364 esse
2308 3314 2382 3364 Ψ

355 3382 502 3432 esset
537 3384 640 3431 lm
677 3383 764 3433 est
801 3385 894 3433 (ΞΡ
938 3382 946 3452 Ι
992 3382 1275 3455 quodansss
1309 3381 1384 3435 sit
1418 3385 1464 3432 B
1511 3377 1755 3446 quodam
1791 3379 1877 3430 set
1911 3382 1959 3428 N
1996 3378 2150 3445 quod
2189 3381 2382 3439 amisit

356 3454 446 3502 GP
490 3453 509 3519 ΙΙ
553 3455 622 3502 23
668 3453 834 3519 gratu
882 3454 1077 3522 (saepe)
1114 3453 1189 3504 Νι
1228 3452 1408 3522 gradu
1447 3450 1518 3502 (3¹
1561 3450 1579 3518 ΙΙ
1624 3452 1698 3511 25,
1728 3446 1976 3517 palmam
2013 3453 2052 3500 0
2101 3466 2242 3506 corr.
2285 3475 2328 3508 ω
2367 3456 2374 3528 Ι

354 3536 632 3587 quamque
667 3526 709 3572 Ρ
752 3523 771 3591 ss
816 3527 885 3574 28
925 3521 1089 3576 aliter
1124 3528 1172 3574 N
2104 3575 2110 3581 .
