2610 3920
337 237 463 301 102
968 237 1028 293 L.
1067 235 1350 290 ANNAEI
1387 235 1712 291 SENECAE

333 382 534 447 videri
580 380 787 447 colere
830 404 964 447 non
1008 382 1194 446 aliter
1240 404 1434 466 quam
1480 385 1812 465 parentem
1858 386 2066 469 grate,
2109 387 2183 447 ut
2222 384 2359 467 opi-

331 492 470 557 nor,
514 470 756 556 anim03
802 474 932 555 aut,
979 471 1035 534 si
1078 492 1212 537 non
1246 470 1348 535 vis
1383 474 1610 556 gratus
1648 470 1866 556 videri,
1913 472 2065 555 quia
2103 471 2358 536 nullum

331 559 529 623 habes
584 559 759 624 illius
815 559 1221 646 beneficium,
1283 559 1393 623 sed
1446 562 1511 623 te
1565 560 1766 624 atomi
1820 563 1885 624 et
1937 561 2100 625 istae
2155 561 2358 626 micae

261 666 297 713 4
332 651 481 712 tuae
507 646 677 712 forte
704 670 777 713 ac
802 652 1039 712 temere
1068 647 1632 733 conglobaverunt‚
1658 669 1771 713 cm·
1789 648 1992 713 colis‘?
2045 647 2356 733 „Propter

283 749 295 760 r

123 1277 292 1333 XXI

332 736 770 802 maiestatem“
814 737 1031 821 inquis
1078 737 1251 824 „eius
1298 736 1598 800 eximiam
1635 758 1710 802 ac
1747 737 2137 823 singularem
2171 742 2358 803 natu—
2421 763 2448 805 5

331 823 526 890 ram.“
595 824 688 890 Ut
733 825 1075 891 concedam
1119 825 1263 911 tibi,
1305 847 1535 909 nempe
1569 823 1695 890 hoc
1729 825 1890 890 facis
1925 827 2106 891 nullo
2143 827 2356 911 pretio

331 911 657 1000 inductus,
711 915 889 980 nulla
944 936 1083 1000 spe3
1137 917 1237 978 est
1292 935 1448 999 ergo
1504 912 1748 998 aliquid
1791 936 1906 998 per
1953 936 2019 979 se
2063 918 2358 999 expeten-

334 1002 502 1088 dum,
554 1004 734 1068 cuius
791 1007 857 1067 te
911 1003 1053 1086 ipsa
1106 1001 1389 1090 dignitas
1445 1002 1647 1087 ducit,
1709 1003 1776 1067 id
1833 1006 1933 1068 est
1993 1003 2356 1068 honestum.

332 1089 498 1193 Quid
542 1095 642 1193 est
688 1095 905 1193 autem
947 1090 1311 1176 honestius,
1368 1112 1560 1174 quam
1615 1095 1872 1193 gratum
1917 1093 2100 1157 esse‘?
2161 1091 2356 1157 huius

330 1183 932 1355 muzgedmffgdiss‘
955 1179 1924 1355 tffiqulisstessfflgetbgssgngtffi.
1948 1269 2198 1335 utilitas
2243 1269 2356 1334 ali-
2388 1208 2444 1247 1⁰

332 1355 516 1440 qua.“
607 1355 728 1422 Cui
774 1357 946 1422 enim
993 1357 1223 1422 virtuti
1266 1378 1400 1421 non
1443 1355 1657 1421 inest?
1717 1357 1826 1422 sed
1869 1357 1935 1422 id
1980 1363 2243 1443 propter
2287 1380 2356 1422 se

333 1445 548 1530 expeti
585 1445 837 1532 dicitur,
884 1445 1072 1531 quod,
1118 1445 1412 1529 quamvis
1447 1444 1682 1509 habeat
1717 1445 1934 1530 aliqua
1971 1451 2152 1512 extra
2188 1463 2355 1512 com-

331 1535 536 1620 moda,
575 1535 874 1620 sepositis
914 1556 1167 1620 quoque
1203 1534 1335 1598 illis
1373 1555 1447 1598 ac
1481 1534 1748 1598 remotis
1784 1534 2009 1618 placet.
2081 1535 2354 1600 Prodest

330 1627 586 1709 gratum
624 1645 788 1710 esse3
832 1646 940 1689 ero
978 1627 1196 1688 tamen
1230 1625 1474 1708 gratus,
1512 1622 1704 1687 etiam
1743 1622 1800 1686 si
1833 1627 2037 1688 nocet.
2114 1622 2352 1688 Gratus
2385 1649 2438 1690 15

229 1718 235 1721 ’
330 1713 486 1796 quid
532 1713 864 1797 sequitur?
911 1716 984 1776 ut
1018 1711 1177 1776 haec
1210 1733 1314 1775 res
1355 1711 1454 1775 illi
1489 1710 1651 1775 alios
1695 1711 1952 1797 amicos,
1997 1712 2123 1777 alia
2168 1712 2354 1777 bene-

327 1801 473 1865 ficia
518 1800 855 1866 conciliet?
948 1798 1114 1876 Quid
1158 1799 1358 1886 ergo?
1424 1799 1480 1863 si
1525 1799 1670 1883 quis
1717 1799 1844 1864 sibi
1890 1801 2163 1865 offensas
2207 1822 2354 1866 con-

330 1889 643 1953 citaturus
692 1892 818 1973 est,
874 1889 928 1952 si
985 1889 1129 1973 quis
1175 1888 1498 1975 intellegit
1543 1887 1699 1952 adeo
1746 1910 1858 1974 per
1902 1889 2026 1953 hoc
2071 1911 2140 1954 se
2187 1889 2355 1954 nihil

332 1982 837 2063 consecuturum,
882 1980 955 2043 ut
991 1976 1195 2052 multa
1226 1978 1428 2055 ¹etiam
1465 2000 1543 2042 ex
1578 1977 1863 2061 reposito
1901 1978 2352 2063 adquisitoque

329 2065 645 2150 perdenda
708 2067 866 2152 sint,
936 2087 1069 2131 non
1129 2067 1338 2131 libens
1405 2066 1475 2131 in
1538 2066 1920 2131 detrimenta
1983 2066 2352 2133 descendit?
2382 2094 2436 2133 20

330 2152 633 2239 Ingratus
680 2158 797 2240 est,
841 2155 953 2238 qui
997 2155 1067 2219 in
1106 2154 1435 2219 referenda
1480 2156 1690 2241 gratia
1737 2155 2081 2220 secundum
2131 2156 2353 2220 datum

328 2242 523 2328 videt,
560 2243 671 2327 qui
708 2246 940 2330 sperat,
974 2265 1120 2308 cum
1153 2243 1392 2327 reddit3
1432 2244 1760 2328 ingratum
1794 2264 1970 2329 voco,
2010 2244 2122 2327 qui
2157 2266 2353 2330 aegro

331 2330 583 2417 adsiffit,
612 2331 761 2416 quia
788 2334 1245 2396 testamentum
1278 2331 1566 2396 facturus
1605 2335 1719 2417 est,
1757 2330 1860 2395 cui
1887 2332 1963 2395 de
1998 2331 2354 2397 hereditate

330 2423 442 2484 aut
488 2420 563 2485 de
605 2419 819 2506 legato
858 2423 1041 2484 vacat
1086 2420 1386 2505 cogitare.
1459 2419 1680 2484 Faciat
1715 2420 1866 2484 licet
1909 2420 2141 2506 omnia,
2190 2442 2353 2504 quae

328 2509 535 2573 facere
578 2508 786 2573 bonus
834 2509 1071 2574 amicus
1120 2511 1185 2573 et
1228 2530 1472 2573 memor
1519 2508 1716 2573 officii
1762 2508 1978 2573 debet:
2033 2509 2090 2573 si
2135 2509 2350 2573 animo
2381 2535 2433 2575 2⁵

330 2597 465 2661 eius
503 2597 882 2662 obversatur
919 2618 1063 2681 spes
1099 2596 1279 2683 lucri,
1316 2600 1607 2681 captator
1645 2600 1743 2661 est
1780 2600 1845 2661 et
1880 2596 2144 2661 hamum
2172 2598 2352 2683 iacit3

328 2688 402 2749 ut
431 2707 595 2771 aves,
634 2707 793 2769 quae
819 2684 1205 2751 laceratione
1233 2706 1576 2769 corporum
1604 2684 1885 2770 aluntur,
1921 2685 2093 2749 lassa
2118 2685 2352 2750 morbo

328 2794 557 2856 pecora
610 2778 674 2838 et
727 2796 951 2839 casura
1004 2796 1082 2838 ex
1135 2774 1429 2859 proximo
1487 2773 1914 2925 speculantur,
1969 2774 2061 2838 ita
2105 2773 2212 2839 hic
2258 2774 2351 2838 in-

329 2861 529 2926 minet
573 2863 770 2927 morti
815 2866 879 2927 et
924 2862 1092 2927 circa
1137 2861 1404 2927 cadaver
1448 2883 1536 2927 vo·
1559 2866 1641 2927 at.

506 3022 533 3067 1
562 3017 743 3071 colore
769 3018 905 3071 15¹1
936 3020 943 3088 Ι
977 3021 1110 3090 gato
1149 3022 1208 3073 et
1232 3020 1310 3071 Nl
1337 3022 1356 3090 ΙΙ
1381 3025 1415 3072 2
1444 3018 1626 3073 uideri
1654 3021 1798 3089 grat.
1831 3023 1923 3070 GP
1992 3021 2028 3070 4
2056 3033 2183 3070 cum
2213 3016 2352 3071 colis

329 3087 405 3138 nl
446 3088 467 3155 ΙΙ
512 3091 542 3138 δ
580 3103 661 3142 ex.
702 3087 1151 3159 singularemque
1191 3097 1281 3144 GP
1325 3092 1345 3160 11
1390 3095 1421 3142 8
1460 3106 1588 3144 cum
1633 3088 1779 3143 iuste
1815 3088 1941 3158 ipsa
1975 3085 2049 3139 ΠΙ
2089 3088 2098 3155 Ι
2137 3085 2159 3137 i
2199 3102 2266 3139 sa
2303 3096 2354 3143 et

332 3159 417 3211 est
453 3172 554 3237 om:
590 3163 647 3211 Π.
684 3161 703 3228 ss
748 3165 782 3212 9
819 3175 1062 3214 essemus
1098 3160 1328 3216 uirtutis
1363 3164 1436 3213 ΠΙ
1482 3163 1502 3230 ΙΙ
1547 3166 1607 3214 15
1647 3158 1851 3215 Gratus
1888 3156 2024 3239 quid
2058 3160 2107 3207 R
2191 3158 2352 3211 ratus

330 3229 417 3281 est
453 3228 590 3295 quid
627 3227 755 3299 (Qui
789 3227 850 3282 id
879 3232 939 3297 G)
972 3236 1009 3284 0
1045 3235 1269 3303 gratum
1307 3247 1428 3285 esse
1464 3232 1540 3284 Π*
1583 3235 1601 3301 ΙΙ
1645 3236 1709 3285 16
1748 3232 1805 3284 et
1842 3228 1955 3283 aha
1983 3232 2025 3279 G
2073 3227 2082 3293 Ι
2129 3224 2356 3287 benefia

331 3303 376 3350 B
418 3299 438 3367 fl
482 3302 542 3351 1'1
582 3298 679 3366 qui
716 3301 864 3354 terso
903 3300 951 3353 si
984 3307 1033 3354 Ἡ
1076 3320 1211 3359 corr.
1248 3302 1326 3355 Ἡ*
1369 3305 1387 3370 ΙΙ
1431 3308 1492 3355 18
1533 3302 1582 3356 si
1618 3300 1755 3372 quid
1791 3306 1832 3354 1*
1875 3301 1896 3369 ΙΙ
1938 3301 2008 3349 20
2045 3294 2354 3375 descendet

330 3368 468 3450 Mrt.
510 3370 533 3471 l!
576 3374 641 3421 21
686 3386 789 3451 sec.
840 3374 1027 3425 actum
1064 3375 1140 3455 M
1172 3419 1182 3429 .
1234 3373 1641 3455 fecunditatem
1677 3372 1834 3453 Koch
1877 3373 1896 3439 ΙΙ
1937 3372 2007 3420 22
2043 3364 2181 3433 qmd
2217 3368 2297 3419 Π*
2337 3371 2355 3475 l

331 3435 2348 3585 011211312mirasamsa?assurgam&³¹,

328 3526 519 3635 {Zmin
552 3582 727 3665 ⁸²3¹·
754 3584 775 3653 ΙΙ
817 3588 887 3637 28
924 3600 954 3638 e
990 3602 1142 3654 prox.
1183 3591 1274 3639 GP
