2610 3920
291 170 380 235 40
942 171 1002 226 L.
1041 169 1327 224 ANNAEI
1364 169 1693 226 SENECAE

228 334 262 382 3
303 320 408 380 tot
452 337 638 400 reges
682 316 854 381 ferro
897 336 970 379 ac
1013 315 1397 381 fulminibus
1436 316 1706 381 occisos!
1780 315 1906 381 Sed
1939 316 2142 382 vitam
2176 317 2338 381 acci-

300 426 454 489 pere
501 404 749 491 debuit,
805 404 888 470 ob
933 404 1058 469 hoc
1102 409 1321 469 tamen
1362 426 1490 471 non
1531 404 1768 470 habere
1812 405 1997 469 illum
2042 406 2336 490 parentis

301 494 474 577 loco,
531 494 682 578 quia
734 494 806 558 in
849 494 952 557 ius
998 494 1190 558 dandi
1241 494 1533 559 beneficii
1580 494 1816 559 iniuria
1858 497 2145 581 venerat3
2198 516 2340 561 non

302 583 476 648 enim
531 582 814 647 servavit
867 583 950 667 is,
1017 582 1130 667 qui
1182 604 1317 647 non
1368 582 1719 670 interfecit,
1779 605 1896 648 nec
1954 584 2341 649 beneficium

305 672 500 756 dedit,
546 672 657 736 sed
701 671 1089 736 missionem.
2386 698 2427 739 5

83 777 215 833 XXI
244 785 274 832 1
483 758 655 825 Illud
680 760 887 845 magis
915 761 1132 825 venire
1157 761 1227 824 in
1255 760 1537 844 aliquam
1564 761 2070 845 disputationem
2095 764 2331 846 potest,

308 849 465 934 quid
515 849 879 914 faciendum
925 851 1013 913 sit
1059 850 1345 934 captive,
1398 850 1500 914 cui
1546 849 2005 933 redemptionis
2050 851 2331 935 pretium

303 937 500 1003 homo
528 939 869 1022 prostituti
895 939 1184 1023 corporis
1213 943 1277 1002 et
1303 938 1565 1003 infamis
1593 960 1701 1003 ore
1724 938 2067 1022 promittit.
2112 938 2332 1005 Patiar

304 1049 410 1091 me
457 1028 538 1092 ab
585 1028 818 1111 inpuro
867 1026 1149 1091 servari?
1215 1031 1505 1092 servatus
1543 1027 1767 1091 deinde
1804 1049 1996 1110 quam
2042 1027 2140 1091 illi
2182 1049 2326 1114 gra-

306 1116 470 1180 tiam
514 1116 831 1180 referam‘?
903 1116 1117 1180 vivam
1171 1137 1317 1179 cum
1364 1116 1683 1181 obsceno?
1753 1138 1886 1181 non
1929 1116 2141 1181 vivam
2184 1137 2331 1180 cum
2364 1142 2428 1181 ιο

228 1224 260 1271 2
307 1204 755 1287 redemptore?
847 1202 1013 1280 Quid
1067 1225 1219 1289 ergo
1274 1204 1551 1290 placeat,
1604 1205 1835 1270 dicam:
1889 1204 2083 1271 etiam
2128 1227 2166 1269 a
2214 1204 2335 1269 tali

305 1293 616 1377 accipiam
643 1292 998 1377 pecuniam,
1027 1315 1218 1377 quam
1247 1314 1365 1376 pro
1394 1294 1603 1378 capite
1632 1294 1998 1379 dependam,
2027 1293 2335 1378 accipiam

303 1386 548 1465 autem¹
579 1385 909 1466 tamquam
965 1382 1302 1467 creditum,
1353 1403 1488 1446 non
1544 1386 1874 1466 tamquam
1927 1382 2335 1465 beneficium3

301 1470 554 1535 solvam
616 1470 716 1535 illi
778 1470 1113 1554 pecuniam
1177 1474 1268 1554 et,
1334 1470 1389 1534 si
1456 1471 1705 1535 occasio
1774 1471 1971 1536 fuerit
2035 1471 2333 1536 servandi

300 1559 794 1645 periclitantem,
825 1558 1118 1643 servab03
1145 1559 1216 1623 in
1243 1558 1608 1642 amicitiam,
1637 1581 1799 1644 quae
1828 1559 2069 1624 similes
2097 1560 2334 1645 iungit,
2363 1584 2424 1627 1⁶

300 1671 438 1713 non
473 1649 862 1731 descendam,
897 1670 1015 1713 nec
1052 1647 1399 1712 servatoris
1435 1648 1620 1712 illum
1655 1649 1798 1714 loco
1832 1649 2185 1713 numerabo
2224 1649 2333 1713 sed

297 1737 703 1822 feneratoriS,
747 1738 856 1808 eui.
895 1737 1093 1801 sciam
1137 1737 1546 1820 reddendum,
1592 1738 1764 1822 quod
1808 1738 2037 1821 accepi.

227 1845 260 1894 3
481 1826 608 1890 Est
645 1825 880 1909 aliquis
909 1826 1161 1911 dignus,
1200 1848 1238 1890 a
1275 1848 1403 1911 quo
1442 1826 1821 1891 beneficium
1860 1826 2184 1912 accipiam,
2222 1826 2335 1891 sed

301 1915 487 1981 danti
520 1913 891 1980 nociturum
927 1919 1052 2001 est3
1098 1915 1241 1981 ideo
1276 1936 1411 1980 non
1448 1916 1769 2001 accipiam,
1818 1916 1970 2000 quia
2004 1915 2115 1980 ille
2150 1938 2333 2000 para-

303 2010 415 2070 tus
471 2008 572 2069 est
625 2003 786 2068 mihi
841 2026 987 2069 cum
1032 2005 1436 2070 incommodo
1484 2011 1595 2070 aut
1642 2005 1837 2070 etiam
1880 2005 2165 2089 periculo
2212 2027 2333 2070 suo
2366 2031 2426 2071 so

302 2093 623 2179 prodesse.
697 2092 1094 2158 Defensurus
1133 2098 1230 2158 est
1275 2116 1379 2158 me
1424 2117 1621 2179 reum,
1668 2095 1781 2159 sed
1822 2094 1936 2158 illo
1972 2094 2339 2178 patrocinio

302 2204 524 2268 regem
569 2181 698 2246 sibi
754 2182 1046 2248 facturus
1091 2183 1451 2268 inimicum3
1504 2183 1801 2248 inimicus
1848 2205 2018 2268 sum,
2064 2183 2147 2268 si,
2193 2205 2341 2247 cum

305 2272 419 2336 ille
455 2293 573 2355 pro
611 2293 713 2336 me
748 2271 1099 2354 periclitari
1134 2272 1311 2358 velit,
1356 2294 1494 2358 ego,
1541 2273 1713 2357 quod
1750 2272 2006 2337 facilius
2044 2275 2164 2358 est,
2206 2293 2341 2337 non

229 2379 266 2427 4
305 2360 493 2446 facio,
540 2364 614 2424 ut
659 2360 797 2424 sine
842 2359 956 2424 illo
1003 2361 1344 2444 pericliter.
1416 2361 1715 2445 Ineptum
1756 2364 1822 2426 et
1864 2360 2171 2426 frivolum
2215 2359 2341 2425 hoc

305 2449 604 2516 Hecaton
657 2449 842 2532 ponit
899 2450 1262 2534 exemplum
1318 2449 1656 2534 Arcesilai,
1718 2472 1907 2534 quem
1962 2451 2055 2514 ait
2110 2473 2147 2514 a
2201 2449 2340 2514 filio
2370 2473 2427 2515 25

306 2539 594 2604 familiae
631 2537 912 2602 adlatam
948 2539 1287 2622 pecuniam
1311 2561 1445 2603 non
1472 2540 1807 2625 accepisse,
1840 2561 1921 2602 ne
1949 2539 2059 2603 ille
2086 2541 2340 2623 patrem

310 2628 642 2693 sordidum
707 2627 1083 2713 offenderet3
1147 2628 1302 2711 quid
1363 2628 1518 2693 fecit
1569 2629 1757 2693 laude
1811 2627 2103 2714 dignum,
2168 2628 2342 2712 quod

307 2718 562 2781 furtum
615 2737 749 2782 non
801 2717 1064 2802 recepit,
1122 2717 1295 2802 quod
1349 2717 1581 2782 maluit
1632 2739 1767 2782 non
1816 2717 2098 2801 accipere
2144 2739 2339 2800 quam

307 2805 614 2870 reddere?
715 2805 887 2882 Quae
953 2810 1052 2871 est
1115 2807 1286 2870 enim
1340 2806 1614 2872 alienam
1672 2829 1809 2871 rem
1864 2828 1997 2871 non
2056 2806 2338 2888 accipere

480 3004 550 3051 25
589 2999 839 3054 Hecaton
875 3001 947 3082 fr,
987 3001 1161 3053 XIII
1190 2999 1408 3054 Fowzer

481 3182 508 3229 1
534 3175 869 3230 'fluminibus
907 3182 950 3229 G
981 3179 988 3247 1
1023 3175 1082 3230 Si
1118 3195 1171 3232 u.
1205 3182 1260 3230 Π
1295 3179 1315 3246 11
1351 3183 1385 3230 2
1421 3195 1535 3232 non
1568 3195 1601 3238 ς
1639 3194 1739 3232 om.
1771 3180 1915 3248 0113
1956 3177 2053 3245 qui
2093 3183 2126 3232 ς
2160 3179 2171 3246 1
2203 3177 2343 3245 quia.

299 3248 456 3303 intus
487 3253 525 3302 0
564 3263 698 3302 corr.
736 3247 811 3299 ΠΒ
836 3250 855 3318 11
883 3253 916 3300 6
951 3246 1013 3301 in
1053 3247 1191 3318 disp.
1227 3251 1419 3318 potest
1454 3249 1525 3303 al.
1565 3255 1656 3303 GP
1683 3251 1701 3319 11
1730 3255 1760 3302 7
1799 3248 1897 3318 qui
1932 3253 1988 3302 Π
2014 3251 2033 3319 11
2061 3253 2092 3300 8
2122 3251 2336 3318 ‘pr(a)e-

301 3319 493 3375 stituti
529 3324 625 3372 BP
653 3321 670 3388 11
697 3325 760 3371 10
796 3319 946 3372 Num
980 3317 1173 3373 uiuam
1208 3326 1248 3373 P
1273 3323 1293 3390 11
1321 3326 1378 3373 11
1411 3319 1785 3392 redemtoressl
1816 3320 1935 3388 (sub
1970 3337 2080 3374 ras,
2118 3320 2199 3388 m)
2235 3325 2283 3372 R
2316 3320 2333 3400 1

303 3410 340 3448 a
365 3391 474 3447 tali
499 3396 554 3444 u
594 3393 654 3443 at
692 3389 769 3443 ali
795 3389 926 3443 lut*
953 3392 1017 3444 ut
1054 3390 1168 3445 alia
1195 3397 1241 3444 Β
1279 3391 1351 3446 ab
1381 3392 1474 3460 (ab
1504 3393 1577 3446 ab
1604 3394 1665 3462 P)
1702 3390 1893 3459 aliquo
1922 3395 2014 3443 GP
2040 3392 2058 3460 11
2086 3395 2150 3443 14
2188 3389 2333 3444 solui

301 3482 432 3519 cum
467 3462 554 3518 illi
592 3468 638 3515 Β
675 3462 831 3516 soluo
870 3479 996 3516 cum
1029 3461 1118 3516 illi
1152 3468 1207 3516 Π
1247 3465 1254 3531 1
1296 3462 1402 3516 illu
1437 3464 1512 3515 ΠΙ
1556 3465 1574 3532 11
1618 3468 1679 3515 18
1719 3461 1896 3529 aliqui
1930 3462 2059 3515 RlB.
2092 3463 2099 3529 1
2145 3459 2334 3529 dignis

303 3538 380 3590 1⁴1¹
419 3539 438 3608 11
473 3541 543 3590 22
581 3533 806 3604 iniquus
847 3533 1008 3590 Gertz
1048 3535 1066 3604 11
1105 3540 1177 3587 25
1215 3534 1427 3590 arches.
1465 3534 1759 3587 mnan?
1799 3534 1817 3601 11
1857 3537 1926 3584 28
1963 3530 2166 3600 recipit
2190 3532 2266 3583 Nl
