2610 3920
157 57 261 112 XX
292 63 319 110 1
526 44 589 108 A
632 45 877 109 duabus
923 43 1132 108 causis
1178 44 1406 127 punire
1449 43 1746 128 princeps
1791 41 1983 125 solet,
2037 40 2094 104 si
2139 43 2254 104 aut
2309 61 2398 104 se

350 133 631 199 vindicat
676 137 789 197 aut
834 131 1047 196 alium.
1128 131 1318 196 Prius
1361 131 1438 196 de
1485 153 1558 196 ea
1603 135 1786 215 parte
1830 129 2157 214 disseram,
2204 149 2398 212 quae

350 224 563 306 ipsum
626 221 969 306 contingit3
1042 220 1369 286 difficilius
1433 224 1531 284 est
1595 220 1768 285 enim
1827 217 2176 299 moderari,
2251 217 2400 280 ubi

282 328 315 376 2
353 311 559 375 dolori
603 309 870 374 debetur
906 309 1091 394 ultio,
1127 330 1322 393 quam
1355 308 1470 373 ubi
1507 307 1817 392 exemplo.
1891 303 2397 390 Supervacuum

353 403 449 464 est
494 399 615 463 hoc
656 398 800 463 loco
848 397 1201 479 admonere,
1243 419 1326 461 ne
1369 397 1557 462 facile
1605 396 1839 481 credat,
1882 399 1958 460 ut
1993 415 2214 459 verum
2257 415 2390 458 ex·
2458 420 2486 459 5

352 488 583 572 cutiat,
627 491 701 552 ut
744 486 1145 551 innocentiae
1188 485 1401 550 faveat
1448 490 1540 571 et,
1583 488 1658 550 ut
1703 484 2022 569 adpareat,
2066 504 2200 548 non
2242 483 2387 546 mi-

350 596 574 640 norem
628 575 734 660 agi
787 596 922 638 rem
976 573 1399 657 periclitantis
1455 595 1648 657 quam
1700 572 1931 637 iudicis
1989 571 2174 655 sciat3
2236 570 2384 635 hoc

354 663 524 729 enim
568 662 648 727 ad
690 663 1033 746 iustitiam,
1075 683 1207 726 non
1252 662 1332 726 ad
1377 662 1778 728 clementiam
1831 661 2136 745 pertinet3
2190 681 2384 724 nunc

353 753 538 817 illum
580 752 943 837 hortamur,
988 754 1063 815 ut
1108 751 1445 814 manifeste
1488 750 1696 816 laesus
1743 750 2027 814 animum
2072 748 2143 812 in
2185 751 2378 830 pote-

358 845 523 905 state
557 840 790 904 habeat
826 843 892 904 et
927 860 1217 922 poenam,
1255 839 1311 904 si
1337 843 1482 903 tuto
1511 839 1768 922 poterit,
1803 837 2013 920 donet,
2048 836 2106 901 si
2131 836 2379 922 minue,
2419 863 2481 902 ιο

356 931 667 1013 temperet
709 928 1026 1012 longeque
1071 928 1156 991 sit
1201 927 1269 992 in
1315 927 1448 992 suis
1491 949 1683 1010 quam
1726 927 1798 992 in
1843 925 2067 990 alienis
2112 924 2380 989 iniuriis

290 1033 320 1080 3
358 1015 760 1080 exorabilior.
830 1013 1001 1080 Nam
1036 1015 1568 1099 quemadmodum
1601 1037 1735 1080 non
1770 1018 1868 1079 est
1903 1013 2120 1099 magni
2155 1012 2382 1097 am'rm',

360 1105 470 1187 qui
524 1103 599 1168 de
654 1102 859 1167 alieno
913 1103 1198 1168 liberalis
1254 1108 1382 1189 est,
1437 1103 1546 1168 sed
1600 1103 1728 1189 ille,
1783 1103 1921 1187 qui,
1968 1101 2140 1186 quod
2183 1101 2381 1166 alteri

359 1192 573 1276 donat,
610 1191 737 1256 sibi
771 1191 1071 1278 detrahit,
1106 1193 1199 1256 ita
1226 1192 1601 1257 clementem
1626 1193 1868 1257 vocabo
1903 1212 2038 1255 non
2061 1191 2131 1254 in
2159 1189 2380 1254 alieno

359 1280 577 1345 dolore
629 1279 905 1364 facilem,
958 1281 1069 1344 sed
1122 1303 1295 1366 eum,
1350 1281 1488 1366 qui,
1541 1302 1685 1346 cum
1742 1281 1873 1344 suis
1929 1278 2207 1350 stimulis
2269 1300 2382 1342 ex·
2413 1305 2476 1344 15

357 1369 660 1455 agitetur,
701 1391 834 1433 non
875 1369 1151 1454 prosilit,
1195 1370 1310 1453 qui
1352 1369 1672 1454 intellegit
1716 1368 1934 1454 magni
1989 1367 2188 1431 animi
2233 1388 2383 1432 esse

358 1458 624 1521 iniurias
687 1458 757 1521 in
820 1479 1066 1521 summa
1126 1458 1418 1540 potentia
1474 1457 1612 1541 pati
1664 1479 1779 1522 nec
1834 1457 2176 1540 quicquam
2231 1477 2381 1520 esse

362 1546 706 1631 gloriosius
752 1545 1037 1629 principe
1080 1546 1319 1630 inpune
1362 1545 1554 1610 laeso,

152 1642 281 1696 XXI
311 1649 337 1696 1
535 1632 716 1697 Ultio
750 1632 907 1698 duas
941 1638 1265 1718 praestare
1302 1655 1404 1698 res
1443 1634 1632 1698 solet:
1672 1638 1784 1698 aut
1820 1633 2128 1698 solacium
2165 1631 2381 1696 adfert
2443 1675 2454 1682 -

362 1722 599 1872 ῗὲέῑηὲἲ
600 1721 935 1874 ³1:⁰33,ss
979 1721 1474 1875 ξῗπὲἓῖἷιςηὲπ
1518 1721 2376 1876 Ἔαὲᾘὲΐῖοῗίἰῗέἥὲἳῗϊ
2412 1747 2468 1786 ²⁰

363 1831 886 1982 manifgstiorque
941 1899 1065 1984 vis,
1128 1921 1322 1982 quam
1383 1861 1458 1963 u't
1495 1831 1727 1963 qalieno
1781 1897 1952 1963 malo
2008 1830 2383 1983 opiniogneni

366 1986 492 2049 sibi
549 1986 783 2050 virium
836 1992 1117 2070 quaerat.
1212 1988 1354 2051 Hoc
1409 1987 1576 2072 dico,
1629 2009 1774 2051 cum
1829 1987 1908 2050 ab
1960 1986 2382 2052 inferioribus

364 2075 605 2158 petitus
651 2074 1055 2159 violatusque
1100 2080 1223 2160 est3
1268 2098 1418 2141 nam
1461 2076 1547 2160 si,
1592 2096 1754 2159 quos
1799 2096 1983 2159 pares
2031 2074 2380 2159 aliquando

364 2162 609 2248 habuit,
652 2162 821 2227 infra
866 2185 934 2227 se
980 2163 1171 2249 videt,
1216 2164 1376 2229 satis
1421 2162 1778 2228 vindicatus
1825 2166 1940 2227 est.
2020 2161 2268 2248 Regem
2315 2167 2382 2228 et
2412 2188 2468 2228 25

368 2272 585 2315 servus
640 2250 869 2315 occidit
922 2256 986 2316 et
1042 2274 1301 2336 serpens
1357 2254 1421 2315 et
1469 2252 1733 2337 sagitta3
1791 2251 2068 2315 servavit
2113 2252 2380 2335 quidem

296 2354 327 2400 2
365 2359 549 2403 nemo
594 2340 722 2403 nisi
766 2339 969 2404 maior
1014 2362 1118 2424 eo,
1171 2362 1363 2423 quem
1409 2340 1717 2404 servabat.
1810 2338 1924 2403 Uti
1980 2340 2200 2422 itaque
2245 2341 2380 2405 ani-

365 2448 540 2495 mose
598 2426 785 2491 debet
838 2430 1020 2492 tanto
1066 2449 1326 2493 munere
1371 2428 1633 2491 deorum
1678 2427 1866 2491 dandi
1918 2428 2379 2512 auferendique

366 2513 567 2577 vitam
611 2519 855 2597 potens.
945 2515 1024 2581 In
1075 2516 1156 2580 iis
1199 2515 1606 2601 praesertim,
1655 2537 1817 2599 quos
1861 2516 1983 2580 scit
2028 2515 2378 2600 aliquando

370 2599 494 2662 sibi
535 2622 665 2682 pwr
716 2603 1049 2688 fastigium
1104 2603 1488 2689 optinuisse,
1539 2603 1663 2669 hoc
1720 2604 2060 2669 arbitrium
2107 2605 2379 2688 adeptus
2411 2631 2466 2671 so

545 2742 572 2788 1
609 2738 790 2793 solent
824 2746 871 2792 N
902 2746 909 2811 Ι
944 2740 991 2794 si
1028 2742 1129 2798 del.
1166 2743 1281 2797 Btl.
1311 2744 1330 2811 ΙΙ
1365 2748 1398 2795 2
1434 2740 1628 2797 uincat
1666 2750 1697 2795 s
1729 2744 1737 2813 1
1771 2743 1839 2798 de
1877 2743 2002 2812 ipsa
2037 2748 2178 2796 rm’
2205 2746 2226 2813 ΙΙ
2253 2748 2288 2797 6
2327 2746 2386 2797 et

372 2818 472 2857 om.
510 2810 651 2858 111²
682 2810 690 2877 Ι
720 2826 833 2863 non
867 2817 969 2863 HR
1013 2816 1078 2866 ut
1112 2830 1225 2868 non
1262 2819 1299 2866 0
1342 2812 1350 2884 Ι
1391 2811 1660 2867 minorem
1695 2813 1926 2883 (minore
1961 2816 2082 2882 HR)
2119 2813 2307 2884 magis
2346 2820 2384 2867 0

371 2889 504 2925 corr.
544 2895 586 2927 ω
614 2880 633 2944 u
659 2883 733 2931 10-
758 2879 806 2931 si
839 2885 930 2933 Hs
967 2882 1054 2936 sin
1091 2889 1129 2936 0
1156 2887 1265 2954 2112
1301 2882 1664 2938 exortabilior
1698 2890 1745 2936 N
1783 2884 2002 2940 exorab.
2039 2883 2206 2940 iniur.
2246 2891 2342 2937 ΕΙ.
2367 2885 2386 2956 ΙΙ

372 2947 434 2993 10
468 2959 557 2996 res
592 2952 876 3013 praestare
904 2958 1086 3005 rus
1118 2956 1125 3024 Ι
1157 2957 1345 3023 potest
1372 2956 1471 3007 aut
1500 2960 1531 3005 8
1558 2956 1578 3023 ΙΙ
1604 2960 1674 3008 80
1704 2955 1909 3024 accipit
1937 2956 2047 3007 118¹
2073 2958 2091 3025 ΙΙ
2117 2961 2184 3008 21
2213 2958 2385 3026 ageat

371 3014 527 3091 ΕΒΗ
561 3019 630 3065 23
668 3016 770 3071 hec
805 3022 955 3087 quod
992 3022 1116 3078 dico
1153 3031 1192 3077 1.
1219 3027 1237 3095 ΙΙ
1273 3030 1342 3078 85
1379 3027 1444 3078 ut
1479 3040 1671 3079 seruus
1707 3032 1746 3078 1.
1773 3029 1791 3095 ΙΙ
1818 3032 1887 3080 86
1925 3040 2114 3079 seruos
2151 3032 2200 3079 Π
2231 3030 2240 3096 1
2275 3042 2384 3081 ser-

372 3082 534 3135 uabit
568 3088 669 3137 ER
708 3088 727 3155 ΙΙ
764 3093 833 3141 2⁷
874 3094 1119 3147 seruauit
1153 3102 1293 3148 ELP
1335 3098 1343 3165 Ι
1384 3094 1481 3150 Uti
1517 3116 1559 3149 ω
1609 3099 1674 3150 ut
1711 3103 1748 3150 0
1789 3098 1798 3165 Ι
1840 3095 2053 3151 animos
2092 3097 2254 3152 sedet
2290 3104 2333 3150 1.
2366 3098 2388 3169 ΙΙ

372 3156 443 3202 29
478 3168 688 3232 ponens
724 3158 798 3208 ΠΙ
837 3163 846 3227 Ι
883 3160 953 3214 iis
981 3168 1029 3214 H
1073 3164 1159 3217 his
1198 3171 1236 3218 0
1280 3168 1299 3235 ΙΙ
1346 3171 1414 3219 30
1451 3166 1637 3239 (par)
1675 3166 1966 3236 fastigium
2003 3168 2160 3223 Pina.
2202 3170 2302 3239 qui
2335 3175 2387 3225 et

376 3219 446 3273 al.
485 3223 665 3277 Simile
701 3225 771 3293 f.;
805 3228 1033 3300 fastigio
1072 3234 1190 3302 (fat.
1227 3240 1350 3305 HR)
1387 3242 1424 3289 0
