2610 3920
1040 227 1451 284 PRAEFATIO
2183 231 2264 285 XI

240 381 367 440 solo
422 380 618 455 capite
671 379 886 440 ultimo
940 379 1005 438 in
1058 379 1227 438 libris
1280 377 1702 455 manuscriptis
1756 382 1994 440 exstant
2041 382 2187 457 258,
2220 386 2253 441 1

236 471 523 529 rationem
582 468 619 527 5
675 469 838 528 debet
896 471 933 529 9
987 466 1231 543 ignescit
1292 471 1375 528 10
1420 487 1485 528 se
1527 470 1680 543 quod
1743 471 1825 529 14
1870 470 2116 529 dimittet
2174 473 2254 530 19

239 576 307 618 ex
360 575 541 630 aequo
608 559 692 618 20
747 561 951 617 taxare
1016 560 1095 617 21
1154 560 1352 617 minus
1409 560 1490 616 22
1541 560 1832 632 iymseere
1886 559 1968 617 25
2027 560 2262 618 dimittit

240 647 389 721 259,
418 648 456 705 3
504 647 763 706 seruabit
806 647 843 705 5
890 647 1011 705 illis
1058 648 1095 706 9
1145 647 1370 706 caelwm
1427 648 1510 706 10
1554 651 1795 721 rectum,
1850 665 2002 722 quae
2058 648 2259 706 omnia

236 736 343 794 ille
390 733 714 794 editoribus
758 733 1056 811 prioribus
1102 733 1396 794 attribuit.
1475 735 1686 811 Itaque
1734 754 1868 794 cum
1914 736 2021 794 alii
2067 736 2260 796 critici

239 825 537 901 apparatu
588 821 851 883 Fickert-i
904 824 1173 899 inspecto
1229 826 1360 883 tum
1404 824 1732 899 Rossbach,
1788 824 1892 900 qui
1945 825 2071 901 ipse
2126 845 2258 901 per-

236 913 458 972 multos
513 913 741 973 codices
797 912 1126 990 evolverat,
1179 915 1340 972 recte
1388 913 1442 970 ei
1487 913 1750 974 oblocuti
1797 916 1960 989 sunt,
2013 915 2257 990 ipseque

236 1003 478 1061 illorum
552 1000 919 1080 argumentis
990 1001 1295 1078 perpensis
1360 1019 1518 1060 nova
1582 1001 1845 1061 subsidia
1908 1002 2056 1061 mihi
2120 1021 2257 1062 con-

241 1091 530 1166 quirenda
593 1109 717 1150 esse
779 1089 1068 1167 perspexi.
1172 1089 1344 1160 Quod
1407 1093 1468 1149 et
1529 1090 2026 1150 bibliothecarum
2087 1111 2258 1168 prae-

236 1181 529 1238 fectorum
572 1179 936 1238 liberalitate
984 1182 1045 1238 et
1082 1179 1339 1238 aliorum
1374 1198 1622 1256 meaque
1653 1179 1857 1256 ipsius
1900 1198 2081 1256 opera
2125 1180 2257 1238 feli-

236 1269 385 1328 citer
430 1268 699 1346 contigit.
790 1267 949 1327 Novi
1007 1269 1198 1346 igitur
1251 1269 1482 1328 codices
1535 1268 1685 1327 mihi
1740 1272 2114 1328 accesserunt
2165 1269 2256 1328 hi:

418 1355 613 1416 Codex
663 1357 1014 1435 Baginensis
1071 1358 1241 1417 1529
1282 1349 1401 1440 (Β.)
1457 1357 1692 1417 saeculo
1737 1353 1906 1437 IXJX
1959 1359 2256 1435 scriptura
2283 1366 2329 1412 Β

238 1445 601 1524 carolingica
638 1448 912 1506 exaratus
952 1448 1076 1506 107
1116 1446 1344 1506 moduli
1379 1447 1624 1505 maximi
1659 1465 1936 1507 versuum
1975 1449 2057 1506 28
2096 1447 2258 1506 foliis

235 1533 723 1611 membranaceiS,
786 1535 1003 1612 quibus
1067 1537 1272 1594 assuta
1335 1537 1476 1594 sunt
1549 1538 1585 1594 2
1598 1538 1631 1595 7
1706 1536 1854 1596 folia
1925 1536 2258 1612 chartacea,

235 1623 421 1683 libros
476 1623 547 1684 de
601 1623 899 1684 beneficiis
955 1626 1018 1683 et
1069 1624 1141 1683 de
1196 1625 1512 1684 clementia
1558 1625 1839 1684 continet.
1929 1625 2175 1684 Librum
2219 1644 2258 1682 a

235 1732 329 1770 me
364 1715 613 1791 rogatus
645 1713 723 1773 Jo
740 1710 1013 1772 Graeven
1050 1713 1370 1790 diligenter
1404 1714 1756 1792 contulerat,
1793 1733 1928 1773 cum
1955 1713 2257 1772 Rossbach

236 1801 454 1861 codicis
512 1819 689 1876 quem
745 1801 879 1877 ipse
933 1801 1237 1860 detexerat
1292 1803 1578 1862 lectiones
1638 1821 1772 1861 cum
1815 1803 2064 1879 reliquis
2107 1803 2256 1861 mihi

236 1889 587 1966 transmisit,
623 1893 693 1949 ut
726 1891 791 1948 in
826 1891 940 1949 hoc
976 1910 1209 1967 quoque
1248 1891 1478 1950 duabus
1515 1891 1934 1952 collationibus
1969 1891 2062 1951 uti
2107 1891 2256 1950 mihi

234 1980 488 2039 licuerit.
560 1980 696 2039 Duo
744 1983 1101 2041 correctores
1140 1973 1291 2063 (ΒΡ)-
1332 2000 1452 2042 non
1495 1982 1586 2041 ita
1631 1981 1822 2041 multo
1868 1984 2007 2058 post
2050 1982 2256 2059 paucis

235 2068 381 2127 locis
426 2086 666 2127 munere
712 2087 819 2128 suo
864 2069 1055 2128 functi
1100 2072 1255 2129 sunt.

412 2155 610 2216 Codex
673 2156 1173 2234 Guelferbytanus
1230 2161 1360 2218 274
1391 2152 1597 2237 (Gud.
1646 2151 1718 2241 8)
1763 2151 1885 2241 (G)
1945 2176 2094 2219 saec.
2140 2159 2257 2217 XII
2295 2167 2338 2212 G

234 2245 475 2304 membr.
526 2247 651 2305 153
707 2247 871 2305 foliis
916 2264 1194 2307 versuum
1244 2250 1325 2307 22
1374 2247 1531 2309 solos
1589 2246 1774 2307 libros
1828 2248 1900 2307 de
1957 2248 2258 2307 beneficiis

236 2334 515 2393 continet.
553 2330 797 2394 Contuli
835 2336 980 2411 ipse.

415 2420 610 2483 Codex
634 2424 1007 2484 Monacensis
1034 2425 1140 2483 lat.
1164 2418 1487 2507 254401)
1515 2444 1665 2485 saec.
1691 2419 1984 2505 XIIJXIII
2009 2425 2252 2484 membr.
2281 2434 2335 2479 nt

235 2511 338 2572 fol.
380 2513 504 2572 165
550 2532 829 2573 versuum
876 2516 977 2573 27.
1050 2513 1122 2571 In
1166 2514 1269 2573 fol.
1313 2517 1379 2572 1⁸
1422 2514 1645 2591 legitur
1688 2516 1860 2574 Laus
1904 2516 2008 2574 tibi
2051 2516 2258 2573 christe

233 2602 335 2674 qui
380 2618 438 2660 es
483 2605 707 2661 creator
752 2607 805 2661 et
845 2604 1168 2677 redemptor
1201 2622 1342 2678 eqS.,
1386 2604 1451 2661 in
1495 2603 1625 2663 folii
1667 2605 1735 2661 1·
1769 2603 1992 2681 pagina
2038 2604 2256 2663 altera:

232 2690 416 2749 Liber
485 2687 581 2750 s-ce
639 2690 841 2764 Marte
902 2700 928 2750 Ξ
989 2693 1329 2766 alderspach
1386 2687 1395 2771 Ι
1452 2692 1765 2767 Exposicio
1841 2692 2006 2751 Bede
2078 2710 2256 2765 super

234 2774 533 2843 EZDRZ.
622 2778 936 2853 Exposieio
992 2782 1275 2883 eiusdem,
1294 2797 1473 2855 swper
1521 2780 1764 2841 Tobiam
1815 2775 1825 2860 Ι
1878 2781 2054 2840 Libro·
2096 2781 2264 2840 IIII

229 2884 438 2945 Seneca
503 2885 576 2944 de
646 2886 858 2959 officiis
919 2882 1148 2950 ΕΡΙΣΕ
1216 2884 1336 2947 eide
1388 2889 1470 2947 ad
1519 2894 1941 2952 LVOILIVM.
2033 2886 2255 2963 Incipit

231 2972 385 3033 liber
419 2973 491 3033 de
538 2974 837 3034 beneficiis
884 2978 1008 3049 aut,
1052 2979 1123 3035 ut
1165 2976 1263 3035 hic
1311 2976 1544 3049 dicitur,
1590 2977 1660 3035 de
1703 2976 1918 3050 officiis
1961 2976 2066 3036 fol.
2108 2978 2253 3052 113,

235 3062 453 3121 desinit
497 3062 600 3122 fol.
645 3064 769 3123 155
816 3065 880 3122 in
924 3064 1119 3124 verbis
1169 3070 1253 3125 est
1292 3068 1422 3125 desita
1469 3058 1585 3145 (IV
1624 3067 1726 3141 22,
1757 3058 1844 3147 3),
1891 3064 2103 3124 deinde
2148 3066 2253 3125 In-

233 3153 457 3225 cipitmt
490 3153 769 3226 epistulae
801 3153 1017 3214 Senece
1044 3156 1185 3215 lucii
1220 3155 1594 3214 cordubensis
1629 3155 1710 3215 ad
1745 3156 2020 3215 lucilium
2086 3154 2254 3213 Libri

235 3242 329 3299 sat
370 3240 616 3317 pulchre
661 3242 1020 3318 usitatisque
1065 3244 1428 3319 compendiis
1465 3243 1674 3321 scripti
1709 3244 1992 3303 lectiones
2029 3244 2254 3319 publici

233 3327 380 3388 iuris
422 3329 567 3390 fecit
599 3329 951 3391 AWeidner
992 3332 1055 3391 in
1102 3332 1402 3411 gymnasii
1436 3332 1722 3391 Friderici
1760 3331 2044 3392 Guilelmi
2082 3331 2255 3393 Colo·

234 3417 452 3479 niensis
498 3420 639 3479 anni
680 3422 850 3480 1864
897 3425 1359 3499 programmate,
1406 3421 1563 3497 quod
1605 3421 1960 3499 inscriptum
1996 3425 2088 3482 est
2126 3421 2254 3483 Cri·

236 3507 482 3567 tiearwm
524 3510 902 3584 scriptionmn
946 3513 1259 3587 specimen3
1303 3511 1498 3571 denuo
1546 3512 1772 3572 excussi
1815 3511 1961 3588 ipse.

413 3595 606 3658 Codex
662 3598 970 3660 Parisinus
1039 3600 1432 3660 bibliothecae
1489 3602 1690 3678 regiae
1757 3602 1864 3661 lat.
1921 3600 2090 3661 6382
2141 3593 2253 3682 (P)
2290 3607 2330 3654 P
