2610 3920
2545 0 2556 198 1

370 351 465 412 est
494 325 737 439 eloqui,
752 346 906 430 quid
932 345 1212 411 alienum
1241 368 1548 430 occupare
1577 346 1903 411 officium?
1929 350 2044 429 est,
2071 347 2183 430 qui
2211 348 2390 412 istud
2555 324 2557 458 Ι

366 437 573 512 faeere
609 435 943 500 honestius
980 436 1203 520 possit,
1240 456 1368 518 quo
1404 440 1705 500 narrante
1741 439 1807 499 et
1840 435 1965 500 hoe
1998 435 2389 520 laudabitur,

369 525 541 608 quod
584 524 723 608 ipse
767 546 899 588 non
940 546 1179 589 narras,
1269 523 1608 609 Ingratum
1652 545 1754 588 me
1795 523 2058 610 indicae,
2109 525 2167 588 si
2212 525 2390 589 istud

366 617 431 678 te
494 617 746 678 tacente
807 635 995 678 nemo
1060 613 1338 677 sciturus
1404 616 1516 677 est.
1626 612 1808 689 Quod
1871 612 2025 678 adeo
2087 635 2222 678 non
2289 619 2388 678 est

367 702 889 788 conmittendum,
932 705 1007 766 ut
1053 702 1263 785 etiam,
1311 702 1366 765 si
1409 701 1552 786 quis
1598 723 1813 766 eoram
1847 701 2037 768 nobis
2072 703 2384 787 narrabit,
2439 728 2464 768 ⁵
2557 732 2559 788 ⁴

365 790 874 875 respondendum
920 790 1031 854 sit:
1076 789 1549 876 „Dignissimus
1597 790 1853 873 quidem
1896 790 2008 854 ille
2051 795 2152 856 est
2187 791 2386 855 maio-
2557 801 2559 816 ³

365 879 547 943 ribus
600 879 948 959 benefieiis,
1003 879 1113 944 sed
1168 900 1288 964 ego
1343 879 1550 964 magis
1608 878 1772 943 velle
1824 900 1925 943 me
1980 879 2112 944 seio
2170 880 2386 944 omnia

364 968 464 1031 illi
516 973 840 1051 praestare
895 990 1089 1052 quam
1142 967 1349 1032 adhue
1401 966 1858 1052 praestitisse“;
1913 971 1978 1030 et
2030 967 2188 1032 haee
2243 968 2386 1052 ipsa

364 1078 497 1121 non
532 1057 863 1122 verniliter
897 1078 1014 1121 nee
1050 1078 1125 1120 ea
1158 1057 1386 1141 figura,
1434 1077 1560 1139 qua
1598 1056 1857 1139 quidam
1891 1055 2181 1136 reiciunt,
2221 1078 2386 1140 quae

296 1164 329 1209 4
364 1146 571 1231 magis
618 1145 699 1210 ad
744 1167 812 1210 se
846 1145 1075 1210 volunt
1112 1144 1460 1209 adtrahere.
1533 1144 1777 1208 Deinde
1813 1144 2139 1209 adicienda
2177 1146 2385 1210 omnis
2413 1172 2464 1210 ιο
2560 1139 2561 1164 ’

364 1233 749 1298 humanitas.
839 1233 1069 1298 Perdet
1123 1233 1431 1319 agricola,
1485 1233 1656 1317 quod
1711 1233 1974 1317 sparsit,
2030 1234 2085 1297 si
2130 1234 2386 1300 labores
2559 1237 2561 1260 ²

368 1344 519 1387 suos
559 1321 852 1387 destituit
895 1322 967 1386 in
1010 1323 1277 1407 semine3
1323 1322 1530 1386 multa
1574 1344 1726 1386 eura
1771 1326 1911 1408 sata
1948 1322 2388 1405 perducuntur

367 1412 447 1475 ad
502 1414 809 1497 segetem3
871 1410 1038 1474 nihil
1090 1410 1161 1475 in
1215 1411 1500 1475 fructum
1552 1410 1870 1494 pervenit,
1934 1411 2107 1494 quod
2159 1433 2295 1476 non
2349 1434 2387 1476 a

367 1498 575 1584 primo
613 1521 817 1583 usque
854 1499 934 1564 ad
962 1503 1318 1564 extremum
1355 1499 1638 1583 aequalis
1667 1499 1918 1564 cultura
1953 1501 2384 1584 prosequitur.
2562 1547 2563 1576 1

298 1605 329 1653 5
368 1588 610 1653 Eadem
642 1588 1096 1653 beneficiorum
1124 1587 1412 1652 eondiei'o
1442 1591 1555 1652 est.
1619 1585 1685 1651 N
1686 1587 1954 1674 umquid
1981 1588 2114 1652 ulla
2139 1589 2388 1654 maiora
2413 1614 2464 1654 15
2562 1581 2563 1610 ¹

366 1680 641 1761 possunt
687 1699 843 1756 esse,
889 1698 1082 1760 quam
1128 1697 1291 1759 quae
1334 1676 1404 1740 in
1456 1676 1698 1741 liberos
1741 1680 1958 1760 patres
2003 1677 2385 1742 conferunt?

364 1766 523 1831 haee
566 1769 782 1830 tamen
827 1765 1027 1830 inrita
1070 1769 1241 1850 sunt,
1291 1765 1350 1829 si
1393 1765 1463 1829 in
1506 1765 1780 1829 infantia
1824 1765 2212 1850 deserantur,
2257 1767 2385 1831 nisi

363 1854 561 1940 longa
614 1853 823 1938 pietas
878 1874 1110 1918 munus
1167 1876 1355 1918 suum
1407 1854 1633 1918 nutrit.
1733 1853 1976 1918 Eadem
2031 1862 2387 1920 ceterorum

365 1942 820 2008 beneficiorum
878 1941 1162 2008 condicio
1223 1947 1346 2007 est:
1404 1942 1533 2007 nisi
1577 1942 1692 2008 illa
1736 1942 2078 2027 adjuveris,
2134 1943 2386 2030 perdes3

367 2054 597 2117 parum
634 2035 733 2097 est
770 2031 1036 2119 dedisse,
1077 2032 1352 2097 fovenda
1389 2036 1556 2096 sunt.
1631 2030 1702 2097 Si
1737 2037 1957 2117 gratos
1993 2032 2092 2097 vis
2129 2032 2384 2118 habere,
2413 2058 2468 2099 πο
2563 2024 2565 2079 ³

368 2141 531 2205 quos
588 2120 864 2205 obligas,
917 2143 1049 2185 non
1100 2125 1357 2185 tantum
1410 2120 1519 2185 des
1574 2125 1830 2205 oportet
1883 2120 2217 2207 beneficia,
2275 2123 2388 2187 sed

298 2228 330 2276 6
369 2231 557 2275 ames.
628 2208 992 2294 Praecipue,
1028 2214 1103 2274 ut
1138 2210 1289 2293 dixi,
1325 2231 1659 2293 pareamus
1695 2210 1984 2294 auribus3
2031 2210 2386 2276 admonitio

366 2298 648 2362 taedium
717 2297 897 2381 facit,
970 2298 1380 2382 exprobratio
1455 2298 1688 2365 odium.
1805 2296 1992 2362 Nihil
2053 2320 2254 2383 aeque
2318 2300 2388 2364 in

364 2386 671 2451 beneficio
738 2387 943 2451 dando
999 2386 1330 2452 vitandum
1393 2390 1491 2451 est
1555 2408 1748 2471 quam
1801 2387 2116 2470 superbia.
2219 2386 2388 2463 Quid

367 2498 529 2559 opus
576 2475 953 2561 adrogantia
997 2474 1231 2559 voltus,
1278 2475 1433 2559 quid
1478 2478 1730 2542 tumore
1773 2475 2161 2540 verborum?
2242 2477 2387 2561 ipsa
2414 2502 2468 2543 25

365 2586 466 2628 res
528 2568 596 2628 te
660 2564 931 2629 extollit.
1031 2563 1441 2628 Detrahenda
1499 2568 1596 2629 est
1653 2564 1862 2628 inanis
1925 2564 2217 2649 iactati03
2283 2588 2386 2631 res

363 2652 713 2736 loquentur
772 2654 963 2732 nobis
1026 2651 1404 2717 tacentibus.
1509 2651 1661 2717 Non
1722 2656 1976 2717 tantum
2039 2653 2389 2740 ingratum,

367 2741 477 2805 sed
521 2741 801 2806 invisum
846 2746 945 2807 est
989 2741 1370 2806 beneficium
1415 2740 1686 2824 superbe
1731 2742 1965 2806 datum.

369 203 455 266 30
999 202 1060 258 L.
1100 201 1384 255 ANNAEI
1420 199 1746 256 SENECAE

544 2991 571 3038 1
608 2989 695 3040 est
729 3003 828 3042 om.
866 2986 947 3039 11¹
1002 2988 1090 3040 est
1123 2988 1182 3039 te
1215 2984 1375 3054 loqui
1414 2986 1550 3040 Mrt.
1605 2988 1624 3055 11
1676 2991 1711 3039 2
1756 2986 1862 3041 hoe
1900 2986 2227 3041 narrabitur
2268 2994 2329 3041 Π
2375 2991 2382 3057 1

367 3061 402 3108 4
431 3055 669 3111 sciturus
697 3057 773 3112 sit
798 3063 853 3110 Π
877 3060 897 3126 u
926 3063 957 3110 5
984 3054 1241 3110 narrauit
1266 3057 1341 3109 ΠΙ
1368 3060 1386 3126 ΙΙ
1414 3062 1445 3109 ’1
1475 3056 1574 3110 sed
1603 3072 1706 3126 ego
1733 3063 1844 3110 lut
1879 3058 1979 3111 sed
2004 3060 2064 3112 et
2090 3074 2195 3129 ego
2223 3058 2382 3133 1¹²0}

369 3132 400 3180 8
438 3128 545 3181 hoe
578 3126 705 3196 ipsa
739 3133 794 3180 u
836 3131 855 3198 ss
900 3133 933 3180 9
970 3126 1277 3182 uer-naliter
1310 3133 1365 3180 u
1399 3126 1689 3197 pueriliter
1726 3134 1768 3181 G
1799 3131 1806 3197 Ι
1839 3144 2008 3198 quam
2044 3135 2085 3182 1²
2115 3130 2124 3201 1
2157 3129 2396 3198 quidem

366 3198 441 3249 Nl
473 3201 481 3268 Ι
514 3215 624 3266 quo
660 3198 841 3281 magis
877 3198 953 3250 R*
977 3201 996 3269 ΙΙ
1023 3204 1078 3251 11
1113 3198 1301 3267 perdit
1339 3199 1471 3251 (3¹11
1502 3199 1509 3269 Ι
1543 3198 1761 3269 spargit
1788 3205 1941 3253 (³11²
1967 3203 2075 3267 1112
2113 3200 2396 3256 destituet

368 3289 409 3322 ω
446 3271 465 3338 ΙΙ
502 3273 561 3321 13
600 3268 673 3322 ad
707 3287 949 3339 primum
982 3275 1037 3322 u
1072 3271 1090 3339 ΙΙ
1126 3274 1186 3321 15
1222 3267 1546 3337 Numquam
1580 3275 1635 3322 u
1674 3273 1683 3340 Ι
1713 3269 1814 3323 illa
1849 3270 2042 3339 B¹P¹u
2077 3276 2141 3324 16
2175 3270 2393 3327 liberos

365 3339 727 3395 conferuntur
759 3346 814 3393 11
847 3344 866 3411 ΙΙ
903 3346 962 3394 17
999 3340 1062 3393 in
1098 3357 1196 3395 mn.
1235 3341 1427 3394 mnu
1458 3343 1467 3410 Ι
1499 3340 1828 3395 deseruntur
1865 3341 2027 3397 Gertz
2063 3344 2168 3413 1118
2203 3342 2396 3398 nutrit

366 3412 407 3482 (i
444 3429 512 3467 ex
547 3427 578 3466 e
613 3428 682 3466 m.
710 3416 767 3480 2)
795 3417 843 3464 R
877 3410 1096 3466 nutriat
1129 3412 1205 3463 ΠΒ
1239 3414 1258 3478 ΙΙ
1293 3417 1364 3465 24
1401 3412 1588 3467 dando
1625 3429 1724 3468 om.
1756 3419 1849 3467 GP
1882 3416 1902 3484 ΙΙ
1937 3418 2007 3467 26
2045 3412 2279 3467 extollet
2305 3430 2345 3473 ς
2374 3416 2396 3488 ΙΙ

365 3489 433 3536 2⁷
472 3483 776 3587 loqpantur
809 3484 885 3535 ΠΒ
937 3482 1258 3557 loqusslntur
1304 3486 1490 3554 (super
1537 3500 1644 3539 ras.
1684 3488 1734 3555 e)
1770 3490 1825 3537 u
1877 3488 1896 3555 ΙΙ
1949 3490 2017 3539 28
2065 3484 2162 3539 sed
2209 3483 2392 3539 etiam

363 3554 477 3611 inu,
514 3559 563 3608 Π
