2610 3920
896 21 1296 106 prostitutae
1360 23 1539 102 sunt3
1604 40 1756 104 ergo
1814 41 1934 102 sap:

895 113 1126 174 vetant
1182 130 1418 195 emere,
1481 108 1702 173 dieunt
1757 108 1928 172 enim

899 198 1123 263 omnia
1168 201 1384 262 autem
1431 197 1739 280 sapientis
1786 201 1934 261 sunt

898 287 1012 353 Sic
1066 290 1289 351 vetant
1344 290 1641 350 mutuum
1697 307 1934 350 sumere

833 403 866 444 5
897 376 1177 460 pecunia
1240 397 1356 439 sua
1418 375 1668 458 pendat.
1776 373 1934 438 Innu

895 463 1317 549 cavillantur,
1380 485 1525 528 eum
1587 462 1936 547 pulcherri1

892 553 1302 638 intellegant.
1394 552 1658 616 Etenim
1705 552 1798 616 sie
1845 573 1936 616 om

891 641 1109 707 nihilo
1146 641 1362 705 minus
1399 641 1728 724 proprium
1771 641 1936 725 quis(

893 731 1167 814 habeat,
1233 729 1764 815 quemadmodum
1829 729 1936 794 sul

806 848 866 888 ιο
895 820 1177 902 imperio
1222 817 1530 902 possidet,
1576 817 1816 903 singuli
1861 818 1936 882 do

894 907 1152 972 bandae
1196 907 1292 971 rei
1329 907 1570 992 veniet3
1615 907 1876 980 interim
1919 906 1936 970 ]

892 1019 1005 1062 me
1045 996 1128 1081 id,
1175 995 1347 1080 quod
1382 996 1569 1059 aliter
1606 996 1911 1079 sapientis

894 1086 1141 1150 donare
1187 1084 1478 1169 sapienti.
1569 1082 1706 1148 Nee
1749 1083 1936 1148 miru]

894 1179 1144 1258 totum,
1199 1195 1391 1257 posse
1446 1173 1688 1238 donari.
1782 1171 1936 1238 Con(

810 1291 865 1332 15
896 1263 1155 1347 aliquid
1199 1266 1387 1326 tuum
1433 1267 1551 1346 est,
1596 1262 1839 1346 aliquid
1883 1284 1936 1326 m

894 1356 1053 1416 tuae
1098 1373 1279 1417 meus
1328 1354 1443 1415 est.
1534 1349 1762 1435 Itaque
1805 1372 1922 1414 nee

893 1440 1313 1525 prohibente,
1371 1439 1662 1523 quamvis
1707 1439 1778 1503 in
1820 1443 1935 1504 tua

896 1530 956 1593 si
1005 1551 1261 1594 annona
1307 1528 1516 1593 carior
1558 1528 1755 1592 fuerit
1801 1532 1914 1592 aut

999 1670 1154 1735 heu!
1198 1671 1445 1734 frustra
1488 1692 1798 1756 magnum
1845 1670 1936 1733 alt

814 1840 871 1879 20
899 1813 974 1875 in
1020 1814 1133 1875 tuo
1180 1815 1435 1898 natum,
1479 1812 1549 1877 in
1593 1816 1708 1876 tuo
1754 1812 1936 1895 posit·

898 1899 969 1966 N
971 1921 1042 1965 ee
1079 1900 1462 1966 conductum
1499 1922 1730 1987 meum,
1763 1922 1938 1987 quan

897 2011 1022 2053 nee
1078 2012 1334 2054 servum
1389 1995 1602 2077 tuum,
1655 2012 1938 2056 mereenn

900 2100 1049 2143 eum
1105 2103 1143 2144 a
1197 2082 1263 2142 te
1317 2080 1572 2143 raedam
1627 2079 1938 2144 conduxe1

900 2168 1029 2231 tibi
1093 2168 1163 2231 in
1225 2167 1520 2232 vehiculo
1585 2172 1698 2232 tuo
1764 2168 1938 2233 seder

821 2282 875 2322 25
903 2278 1096 2338 posse
1165 2257 1334 2340 fieri,
1406 2261 1483 2320 ut
1554 2256 1789 2340 aliquis
1861 2278 1938 2321 ae·

904 2366 1139 2409 munus
1186 2345 1473 2429 accipiat.

1082 2431 1161 2497 In
1197 2434 1498 2498 omnibus
1533 2433 1697 2518 istis,
1744 2455 1906 2519 quae

901 2521 1049 2587 dem
1096 2522 1188 2588 rei
1233 2523 1532 2588 dominus
1579 2526 1694 2587 est.
1787 2521 1926 2599 Quo

899 2611 1119 2676 minus
1167 2617 1283 2697 est,
1329 2611 1493 2675 alter
1537 2633 1708 2675 usus,
1799 2611 1938 2676 Lib]

1084 2791 1147 2840 19
1194 2786 1350 2857 Ver-9.
1387 2805 1437 2857 9.
1476 2786 1520 2839 I
1547 2789 1658 2839 158

1081 2952 1118 2999 4
1156 2944 1304 3000 sicut
1356 2948 1529 3000 etant.
1581 2949 1838 3000 mutuum
1873 2949 1920 2997 Π

908 3018 942 3065 8
977 3015 1202 3072 dicatur
1238 3023 1280 3069 G
1317 3016 1578 3072 dicantur
1613 3020 1651 3071 0
1696 3019 1716 3086 ΙΙ
1765 3022 1794 3070 7
1830 3015 1938 3069 inte

909 3087 969 3137 18
1014 3086 1150 3142 dare
1188 3094 1231 3140 G
1273 3090 1293 3159 ΙΙ
1337 3093 1400 3142 14
1449 3088 1574 3143 dari
1622 3088 1664 3159 (i
1699 3106 1767 3143 ex
1802 3085 1899 3157 e?)

910 3153 1119 3213 frustra
1156 3160 1309 3231 Very.
1340 3163 1359 3229 ΙΙ
1385 3166 1456 3213 2⁰
1488 3159 1768 3231 possitum
1793 3163 1840 3211 Π
1866 3159 1885 3226 ΙΙ
1913 3164 1938 3210 2

912 3230 979 3279 28
1019 3228 1162 3283 alter
1195 3236 1285 3285 ΠΒ
1334 3231 1499 3287 aliter
1536 3239 1573 3286 0
1618 3235 1638 3302 ΙΙ
1683 3235 1754 3283 99
1793 3228 1938 3282 alite]

1022 3326 1241 3370 Sumen
1270 3340 1430 3371 ortu
1456 3334 1494 3375 Ι.
1523 3334 1547 3374 2
1577 3332 1648 3372 ed.
1676 3328 1910 3370 Hosius.

674 3604 1068 3920 -
1487 3626 1824 3643 *M*
1829 3628 1855 3631 -.
1880 3628 1938 3920 Ι
